3128 5128
421 851 677 952 Sententiae
707 853 1034 954 controversae.

661 1041 812 1054 -α-ῥ-

173 1166 201 1226 1.
225 1161 370 1228 Senecae
401 1183 486 1244 quae
513 1161 666 1252 feruntur
687 1161 821 1228 fabulae
850 1168 987 1246 praeter
1010 1162 1181 1231 Octaviam
1210 1185 1323 1230 omnes

228 1265 392 1349 genuinae
415 1271 504 1330 sunt.

170 1373 199 1433 2.
225 1367 371 1432 Titulum
402 1366 541 1432 MdAJ
564 1365 616 1434 VI
646 1389 678 1450 p.
702 1371 764 1433 229
788 1367 885 1451 (Syll.
909 1371 983 1454 113)
1006 1367 1190 1434 Alexandri
1210 1368 1325 1451 Magni

227 1470 433 1553 temporibus
458 1491 529 1534 esse
552 1471 774 1552 antiquiorem
796 1476 890 1553 puto.

172 1576 200 1638 3.
223 1571 411 1637 Titulorum
433 1592 628 1657 graecorum
652 1574 760 1637 oratio
792 1595 811 1636 a
834 1573 1033 1655 scriptorum
1056 1574 1105 1637 ita
1125 1572 1256 1656 differt,
1286 1579 1324 1638 ut

223 1676 363 1740 alteram
382 1671 540 1740 eni‘tiltera
553 1676 718 1757 corrigere
730 1675 794 1738 nisi
807 1676 841 1739 in
855 1675 1120 1759 orthographicis
1135 1696 1200 1740 non
1214 1675 1321 1740 liceat.
1452 1699 1454 1702 ·

166 1782 196 1844 4.
221 1778 370 1843 Socratis
386 1779 474 1842 vitae
498 1800 537 1842 ac
560 1778 789 1860 philosophiae
810 1768 920 1843 veram
940 1779 1116 1861 imaginem
1139 1779 1322 1860 exprimen-

222 1882 298 1946 dam
323 1881 386 1946 sibi
408 1880 657 1963 Aristophanes
678 1881 711 1945 in
734 1879 888 1945 Nubibus
912 1902 976 1946 non
1000 1883 1183 1964 proposuit.

170 1990 198 2051 5.
221 1983 310 2049 Nnb.
334 2006 362 2047 v.
375 1987 438 2049 830
455 1982 563 2048 verbis
581 1983 748 2068 Σωκράτης
769 1979 787 2046 δ
804 1982 927 2068 Μήλιος
945 2005 1003 2048 cur
1019 1983 1211 2067 Leucippum
1229 1983 1322 2064 tangi

221 2087 336 2152 credat
363 2085 514 2151 Mitchell
544 2085 598 2166 (ci.
622 2085 775 2169 Blopdes,
806 2086 962 2172 Aristopb.
986 2085 1103 2169 Nubes,
1133 2087 1212 2151 Hui.
1234 2087 1320 2150 1890

220 2213 253 2273 p.
276 2193 363 2270 443),
389 2210 491 2253 causa
512 2210 649 2271 prorsus
669 2189 762 2252 nulla
786 2195 846 2253 est.

165 2299 191 2359 6.
216 2293 373 2376 Sophocl.
396 2291 517 2359 Trach.
535 2314 563 2359 v.
589 2295 671 2355 1136
699 2291 771 2356 cod.
794 2291 866 2356 LA
889 2292 1006 2357 lectio:

349 2391 436 2459 ἅπαν
458 2395 493 2459 ad
516 2393 619 2480 χρῆμ’
634 2433 669 2440 -
694 2390 814 2481 ἥμαρτε
837 2395 954 2482 χρηστά
974 2400 1103 2481 μωμίνη

222 2498 386 2564 servanda
409 2504 468 2563 est.

169 2607 195 2668 7.
220 2600 343 2668 Catuli.
361 2622 386 2666 c.
399 2605 438 2666 61
455 2622 483 2663 ν.
498 2604 539 2663 68
556 2600 690 2683 Stirpem
703 2603 911 2666 euitierreote
931 2601 1072 2667 coniecit
1087 2600 1312 2665 Frdhlichius,

166 2709 195 2767 8.
217 2703 301 2786 Nep.
326 2703 441 2767 Alcib.
472 2724 499 2766 c.
522 2706 543 2766 6
571 2705 690 2766 cornuis
719 2705 824 2768 uitreis
854 2707 1022 2788 taeniisque
1052 2725 1127 2768 cum
1156 2703 1318 2768 scriberet

218 2805 379 2886 Muretus,
403 2805 525 2870 rectius
548 2827 648 2888 quam
669 2808 841 2870 novissimi
865 2807 1009 2872 editores
1032 2806 1199 2870 iudicavit.

168 2914 198 2974 9.
218 2909 400 2974 Decretum
419 2909 572 2972 Atticum
593 2908 682 2990 qnod
706 2915 816 2973 exstat
836 2909 925 2992 apud
940 2908 1120 2992 Iosephum
1141 2908 1317 2988 (archaeol.

218 3011 287 3076 iud.
319 3010 412 3078 XIV
436 3016 456 3074 8
486 3010 550 3075 vol.
571 3009 630 3074 ΠΙ
659 3033 691 3093 p.
716 3015 778 3074 226
801 3011 922 3092 Bekk.)
949 3012 1127 3093 genuinum
1158 3031 1229 3076 esse
1258 3010 1317 3075 eed

219 3120 416 3197 corruptum
440 3119 473 3178 et
495 3114 730 3196 interpolatum
755 3135 889 3194 cense03
915 3114 1125 3197 praescripta
1146 3114 1227 3177 haec
1250 3111 1316 3177 fere

222 3216 324 3280 fuisse
347 3216 518 3281 videntur:
1253 3205 1256 3212 ’

280 3315 353 3382 Ἐπὶ
374 3315 606 3401 Ἀγαθοκλέους
633 3316 784 3402 άρχοντος
813 3317 881 3406 [ἐπὶ
909 3325 965 3404 τῆς
994 3367 1029 3382 ..
1055 3368 1061 3381 .
1093 3318 1159 3395 ίδυς
1187 3317 1318 3404 δεκάτης

219 3425 413 3504 πρυτανείας,
428 3410 473 3508 ἧι]
492 3419 618 3508 Εὐκλῆς
633 3421 816 3506 Μενάνδρου
831 3417 1027 3502 Ἁλιμούσιος
1043 3419 1313 3508 ἑγραμμάτευε[ν],

219 3529 440 3602 Μουνυχιῶνος
468 3523 644 3610 ἑνδεκάτηι,
675 3523 833 3610 ἕνδεκάτηι
860 3529 916 3610 τῆς
936 3527 1141 3606 πρυτανείας
1171 3521 1314 3610 ἐκκλησία

224 3637 263 3702 (ς
284 3631 450 3712 γενομένης
473 3625 565 3702 deb>
590 3628 621 3690 ἐν
650 3631 709 3691 aazia
728 3625 877 3709 θεάτρωι.
920 3631 984 3689 ταῖν
1006 3627 1168 3710 προέδρων
1189 3625 1313 3713 ἐπεψή-

154 3759 157 3766 Ᾰ
219 3728 290 3813 φιζε
313 3727 483 3811 Δωρόθεος
506 3725 648 3809 Ἐρχιεύς
676 3729 727 3791 καὶ
744 3727 800 3804 <oi
823 3727 912 3810 del.)
931 3729 1153 3814 συμπρόεδροι.
1181 3727 1313 3817 [ἔδοξεν]

219 3834 277 3894 τιῦι
294 3829 407 3916 δήμωι.
432 3830 594 3907 Διονύσιος
606 3835 766 3895 Διονυσίου
782 3828 828 3917 [ἐκ
839 3837 897 3895 τοῦ
907 3831 1008 3909 δεῖνος
1019 3831 1132 3918 δῆμου]
1146 3827 1234 3897 εἶπεν
1249 3834 1313 3897 κτλ.

283 3933 540 3997 renuntiationis
563 3932 739 3997 formulam
760 3935 806 3997 sic
827 3934 985 3999 restituo:

282 4031 423 4100 άνειπεῑν
445 4034 479 4098 δὲ
502 4036 555 4098 τδν
576 4040 728 4120 στέφανον
750 4035 783 4099 ἐν
803 4043 863 4100 τιῦι
882 4035 1022 4123 θεάτρωι
1045 4043 1220 4115 Διονυσίοις
1238 4062 1311 4124 τρα-

219 4137 343 4221 γωιδιῦν
369 4143 429 4202 τῶι
451 4143 562 4202 mesaia
583 4135 684 4221 eiyuiua
713 4138 765 4202 καὶ
788 4143 1019 4226 Παναθηναίων
1046 4140 1105 4204 καὶ
1120 4137 1313 4206 Ἐλευσινίων

213 4240 290 4313 <καὶ
309 4238 342 4304 ἐν
364 4239 453 4322 del.)
471 4251 537 4318 τοῖς
553 4252 711 4324 γυμνικοῖς
731 4237 861 4324 άμυῖσιν.

11 4355 12 4368 ’
144 4347 194 4409 10.
218 4342 295 4409 Iota
315 4349 444 4409 mutum
467 4342 656 4409 adscribere
678 4344 773 4428 pueri
797 4343 938 4410 docendi
962 4351 1047 4411 eunt.
