3128 5128
676 354 979 450 .-1²‘

283 527 365 590 rent.
408 523 598 588 Promiscue
618 527 727 588 autem
747 528 779 589 et
799 521 1019 606 oleaginarum
1043 524 1336 609 camuraarum1)
1361 528 1400 589 et
1424 522 1484 586 he-

284 635 494 700 deracearum
519 635 589 699 loco
619 655 734 700 aureas
760 656 829 700 esse
858 635 952 700 datas
982 639 1132 718 apparet,
1150 635 1241 700 'velut
1261 633 1303 716 (Ο
1326 635 1368 700 ΙΙ
1393 638 1483 714 420)
1531 665 1532 700 l

283 747 430 831 Zopyrus
451 767 569 811 corona
593 746 783 830 hederacea,
809 752 972 812 curatores
993 767 1130 830 pompae
1151 767 1270 812 corona
1291 768 1398 812 aurea
1423 746 1482 812 de·
1531 805 1532 822 ,

285 859 386 923 curati
406 862 481 923 sunt
500 861 598 940 atque
624 879 724 923 aurea
735 859 762 945 ²)
794 879 911 923 corona
934 856 1169 922 nobilissimum
1190 858 1272 924 illud
1296 858 1482 942 collegium

285 969 566 1052 Dionysiastarum
581 968 691 1036 Piraei
713 975 916 1053 quaestorem
932 991 1025 1034 suum
1046 969 1181 1034 ornavit.
1213 968 1335 1034 Forma
1357 975 1481 1034 autem

286 1102 422 1146 coronae
443 1101 560 1146 aureae
590 1081 671 1146 nulli
698 1087 894 1164 ceterarum,
925 1102 1047 1164 quaec
1068 1080 1152 1146 binis
1181 1082 1316 1148 ramulis
1337 1083 1481 1148 conexis

286 1192 485 1275 constabant,
498 1191 524 1276 3)
547 1193 658 1258 similis
681 1192 779 1258 fuisse
800 1193 944 1273 videtur3
975 1213 1051 1256 nam
1080 1213 1154 1256 cum
1179 1214 1218 1258 ex
1246 1194 1367 1277 ectypis
1397 1215 1480 1276 pro

284 1306 432 1388 typisque
444 1325 634 1370 coronarum
646 1304 671 1390 ⁴)
686 1310 757 1370 tum
772 1303 1029 1372 eDemosthenis
1041 1303 1067 1384 δ)
1084 1303 1189 1370 verbis
1203 1326 1359 1388 apparere
1373 1310 1478 1388 puto,

287 1437 438 1481 coronam
469 1436 602 1480 auream
631 1418 839 1500 compositam
868 1416 966 1481 fuisse
996 1437 1035 1480 ex
1061 1416 1198 1500 circulo,
1232 1417 1289 1499 qui
1316 1416 1478 1497 χοινικὶς6

289 1527 443 1592 audiebat
464 1531 496 1592 et
518 1526 603 1592 foliis
627 1529 660 1592 in
688 1533 781 1611 parte
803 1529 959 1593 exteriore
982 1527 1050 1592 eius
1072 1527 1184 1592 circuli
1213 1527 1379 1594 radiorum
1402 1528 1477 1592 ritu

289 1639 460 1732 dispositis.

843 1844 912 1910 ΙΠ.

652 2017 705 2084 lle
730 2034 951 2085 coronarum
970 2016 1104 2102 pretio.

379 2187 579 2255 Coronarum
599 2211 616 2253 e
637 2189 770 2252 ramulis
792 2188 941 2270 hederae,
961 2187 1074 2270 olivae,
1097 2188 1196 2252 murti
1219 2191 1377 2252 sertatum
1400 2209 1475 2270 pre·
1531 2161 1532 2174 ἵ

195 2389 197 2396 Ι
292 2303 373 2365 tium
405 2301 437 2366 in
468 2299 571 2364 titulis
593 2300 714 2364 Atticis
743 2322 908 2383 nunquam
923 2301 946 2381 7)
973 2300 1118 2366 uidemus
1146 2299 1310 2379 additum3
1339 2319 1477 2365 coronas

292 2413 392 2496 igitur
416 2411 566 2476 frondeas
589 2411 760 2496 (namhoc
782 2411 889 2495 verbo,
917 2433 981 2495 quo
1004 2411 1167 2479 Graecum
1182 2411 1305 2476 θαλλοῦ
1323 2415 1478 2496 στέφανος

293 2617 450 2672 mosthenes
469 2616 552 2671 etism
570 2615 716 2670 choreutas
734 2616 838 2682 aureis,
862 2633 918 2670 non
935 2615 1096 2672 hederaceis
1114 2616 1223 2672 coronis
1241 2619 1353 2671 ornatos
1370 2615 1475 2686 produ·

294 2720 357 2758 cere
375 2703 471 2758 voluit.
488 2701 557 2757 Mid.
575 2703 610 2756 23
627 2719 654 2772 p.
673 2701 745 2771 520.)

383 2790 405 2859 ¹)
423 2790 476 2844 hoc
494 2787 659 2844 sumendum
677 2791 727 2856 est,
746 2787 799 2842 etsi
816 2787 943 2858 exempla
961 2787 1069 2843 desunt.

383 2875 404 2942 ⁹)
422 2874 546 2931 MdAJ.
565 2873 610 2929 IX
625 2892 652 2944 p.
662 2876 713 2930 289
727 2892 751 2928 v.
763 2877 808 2942 283
828 2892 892 2929 nam
910 2876 1018 2946 [χρυσῶι
1037 2877 1104 2944 (non
1122 2875 1226 2944 κιττοῦ)
1245 2871 1380 2942 nerpoicum
1398 2868 1477 2942 aulici

294 2957 346 3013 τὸν
368 2960 456 3028 νόμον
479 2964 629 3030 propterea
652 2960 855 3015 restituendum
879 2965 936 3029 eet,
961 2962 1036 3029 quod
1059 2961 1089 3015 in
1112 2960 1218 3016 Atticis
1241 2959 1332 3013 titulis
1355 2957 1477 3012 formula

295 3045 363 3099 κατὰ
380 3045 431 3100 τὸν
448 3047 537 3113 νόμον
555 3063 619 3101 cum
637 3046 760 3100 frondeis
778 3047 886 3100 coronis
905 3047 1052 3102 coniuncte
1068 3065 1124 3100 non
1141 3045 1283 3101 invenitur
1301 3045 1336 3100 cl.
1348 3062 1375 3114 p.
1391 3045 1423 3098 17
1436 3059 1474 3111 sq.

383 3134 406 3202 ⁸)
424 3133 517 3188 Valer.
536 3133 649 3188 Maxim.
667 3131 700 3186 11
718 3134 742 3187 6.
760 3133 785 3188 5.
820 3133 891 3202 Nep.
910 3133 1044 3202 Thrasyb.
1062 3136 1087 3186 4.

381 3220 404 3287 ⁴)
422 3218 574 3273 American
593 3217 713 3273 Journal
732 3217 763 3272 of
778 3218 975 3288 Archaeology
994 3221 1061 3274 1890
1079 3218 1136 3274 tab.
1155 3216 1217 3272 XII
1235 3219 1263 3270 et
1280 3214 1367 3271 XIII.

383 3305 406 3375 Ι5)
425 3303 526 3360 XXIV
544 3306 595 3359 202
612 3321 639 3372 p.
658 3304 708 3358 755
733 3303 817 3374 φήσας
840 3303 970 3375 ἆποῤῥεῑν
991 3302 1024 3356 ‘coi
1044 3301 1130 3374 polla
1154 3308 1212 3356 τῶν
1236 3305 1378 3372 eriperemur
1397 3300 1478 3369 (lolia

295 3391 438 3446 radiorum
454 3391 512 3444 ritu
530 3389 681 3444 eminentia
698 3389 780 3445 facile
797 3390 871 3445 laedi
888 3393 1030 3460 poterant)
1049 3390 1084 3447 cf.
1097 3388 1189 3445 XXII
1206 3391 1240 3444 89
1257 3406 1284 3458 p.
1297 3387 1357 3455 616,
1375 3383 1477 3441 XXIV

297 3477 349 3532 205
366 3494 393 3546 p.
411 3477 470 3531 756.

383 3563 407 3632 ⁶)
426 3561 570 3618 Demosth.
588 3561 618 3615 in
636 3561 756 3617 Androt.
775 3564 809 3617 89
827 3581 854 3632 p.
873 3565 932 3618 616.

386 3647 408 3718 7)
426 3647 551 3702 Titulum
575 3645 729 3714 onear,
757 3648 792 3702 de
817 3650 896 3704 cuius
920 3649 1116 3704 emendatione
1139 3649 1187 3702 aut
1211 3644 1397 3715 explicatione
1418 3643 1477 3714 ipee

298 3735 423 3791 Koehler
439 3732 551 3788 videtur
569 3733 734 3802 desperasse,
754 3751 788 3788 ne
806 3737 888 3807 nugis
906 3739 1016 3806 tempus
1033 3739 1132 3801 terem,
1150 3733 1263 3800 omitto;
1289 3731 1326 3786 cf.
1344 3745 1414 3798 quse
1432 3727 1477 3782 nd·

297 3820 406 3877 noterit
428 3819 563 3890 Rengube
586 3818 714 3888 (Antiqu.
742 3819 852 3876 Hellen.
877 3823 929 3878 No.
947 3824 999 3877 569
1022 3840 1049 3892 p.
1067 3823 1130 3890 225)
1156 3820 1204 3888 qui
1227 3819 1286 3888 ipse
1311 3831 1421 3887 qnoque
1446 3814 1477 3868 de

299 3906 419 3962 Pittukis
437 3905 584 3976 diligentie
608 3905 756 3961 dubitavit.
792 3905 899 3964 Ceteris
923 3909 952 3963 in
977 3909 1096 3964 decretis
1119 3923 1175 3960 non
1199 3904 1288 3960 solum
1311 3901 1409 3972 populi
1432 3901 1477 3954 snt

299 3997 409 4050 senatus
427 3992 476 4046 sed
493 3993 578 4047 etiem
595 4008 781 4063 paganorum,
799 3994 960 4061 tribulium,
979 3994 1141 4066 gentilium,
1160 3990 1342 4061 collegiorum
1361 3986 1477 4055 denique

300 4083 422 4140 omnium
440 4078 601 4133 Atticorum
620 4093 737 4133 coronae
756 4079 889 4136 frondeae
913 4083 1035 4152 pretium
1060 4094 1170 4148 semper
1194 4074 1349 4141 omittitur3
1375 4071 1477 4140 quade

298 4189 330 4226 re
353 4173 376 4226 si
400 4175 430 4230 in
447 4181 502 4248 quo
519 4165 617 4220 Attico
634 4164 718 4220 titulo
742 4171 834 4224 exstat
858 4169 1028 4239 στεφανῶσαι
1047 4206 1053 4221 .
1073 4206 1078 4219 .
1098 4203 1106 4218 .
1128 4159 1183 4215 ἀπὸ
1207 4157 1335 4232 δραχμῶν
1358 4157 1402 4213 vel
1425 4155 1477 4210 sele

301 4265 382 4334 quid,
406 4265 464 4320 Βίης
481 4265 539 4319 ullo
555 4249 731 4308 dubitatione
747 4256 850 4326 χρυσῶι
867 4253 1006 4324 crepiturn
1024 4247 1211 4322 supplendum
1228 4248 1283 4308 est,
1308 4243 1386 4299 velut
1410 4237 1476 4297 011

302 4353 352 4408 195
369 4369 394 4408 v.
415 4353 448 4408 12
466 4349 645 4422 στεφα[νῶσαι
662 4345 763 4411 χρυσῶι
782 4341 917 4413 crepidam
935 4337 1002 4411 0}an
1022 4337 1054 4391 X
1071 4332 1207 4406 δραχμῶν.
