3128 5128
736 409 972 484 ——50-.

253 585 326 670 post
346 589 546 673 στεφανῶσαι
575 583 608 652 ln
638 585 749 671 populi
772 585 907 652 decretis
930 583 1076 652 additum
1098 603 1223 670 semper
1244 583 1396 654 invenies.
1413 579 1440 668 ¹)

253 698 356 764 Porro
378 699 405 763 si
428 699 557 781 quando
580 698 634 764 ιόν
653 698 739 764 δεῖνα
758 705 958 784 στεφανῶσαι
980 698 1090 781 aliqua
1113 698 1362 764 Atheniensium
1384 719 1442 764 so·

253 809 352 874 cietas
379 808 430 896 (ut
451 809 585 875 tribules
607 811 818 876 Pandionidis
839 809 866 875 O
887 810 926 874 Π
945 809 1022 895 553)
1043 811 1175 893 statuit,
1210 810 1441 876 subaudienda

254 926 305 986 cet
325 941 443 986 corona
466 922 612 1005 oleagina
635 922 804 1006 (neminem
826 922 886 986 hoc
908 928 1101 1004 negaturum
1120 943 1188 986 esse
1210 927 1319 1005 put0);
1341 923 1441 1004 atqui

254 1053 405 1097 coronam
444 1032 623 1116 oleaginam
659 1032 839 1098 renuntiari
868 1033 1006 1117 populus
1037 1034 1167 1100 iussisse
1200 1056 1263 1100 ncn
1293 1033 1439 1098 ridetur.

254 1144 343 1227 Ergo
377 1150 435 1208 aut
467 1166 617 1210 coronam
648 1147 827 1229 oleaginam
862 1145 929 1209 sinc
958 1145 1192 1210 renuntiatione
1221 1150 1279 1211 aut
1300 1167 1440 1210 auream

255 1277 323 1321 csse
345 1256 457 1320 datam
472 1262 616 1340 apparet.
655 1256 816 1323 Coronam
838 1262 948 1320 autem
971 1278 1101 1322 auream
1122 1257 1184 1322 sibi
1198 1278 1266 1322 esse
1280 1256 1441 1322 donatam

254 1368 308 1431 vix
331 1367 488 1432 omisisset
517 1368 650 1451 gloriari
680 1370 735 1451 qui
765 1369 942 1433 orationem
970 1368 1093 1434 habuit.
1137 1369 1244 1452 Igitur
1278 1369 1441 1451 populum

254 1479 335 1542 nihil
365 1479 453 1544 aliud
483 1479 677 1562 decrevisse,
711 1480 772 1544 nisi
800 1485 838 1543 ut
867 1480 1071 1544 adversarius
1101 1479 1293 1546 Callimachi
1315 1503 1440 1546 corona

256 1589 404 1673 oleagina
427 1595 613 1672 ornaretur,
633 1596 720 1656 certo
741 1591 934 1674 colligemus.
971 1591 1060 1674 Lege
1082 1597 1190 1656 autem
1212 1591 1266 1656 illo
1288 1599 1440 1676 tempore

259 1703 418 1766 sancitum
448 1701 519 1784 fuit,
549 1708 587 1766 ut
617 1724 752 1768 coronae
774 1724 794 1766 a
815 1705 934 1786 populo
956 1704 1097 1768 donatae
1119 1704 1203 1767 sicut
1225 1703 1342 1767 milites
1362 1724 1441 1768 con·

257 1814 379 1897 scripti,
392 1814 416 1898 2)
437 1813 523 1897 leges
547 1811 663 1899 ἄκυροι,
676 1813 702 1900 8)
727 1814 791 1877 alia
809 1837 892 1896 quae
912 1817 1088 1899 comperire
1108 1817 1251 1880 omnium
1272 1816 1440 1894 intererat,

257 1927 289 1990 in
314 1925 384 1990 foro
403 1926 490 2010 apud
510 1931 636 1990 statuas
657 1927 899 2010 Eponymorum
921 1928 1198 2008 renuntiarentur;
1228 1927 1318 1992 licuit
1337 1926 1441 2009 igitur

257 2038 388 2119 oratori,
411 2038 486 2119 ipsis
507 2037 626 2102 decreti
648 2039 753 2127 verbis
774 2060 820 2120 ea,
844 2060 928 2120 quae
945 2061 985 2104 cx
1001 2039 1054 2102 illo
1077 2039 1207 2104 decreto
1225 2038 1312 2102 facta
1334 2043 1438 2119 erant,

256 2149 393 2215 adicere.

345 2337 367 2404 ¹)
385 2336 407 2389 O
425 2335 458 2390 Π
475 2337 550 2391 atah
568 2355 607 2392 va.
627 2340 706 2406 l'lsq.
729 2355 785 2391 non
809 2339 898 2392 solum
923 2355 1026 2392 corona
1048 2339 1156 2392 incerta
1179 2338 1360 2404 offendimur,
1387 2338 1441 2392 sed

256 2423 340 2477 etiam
365 2423 530 2488 sacerdotis,
553 2424 601 2490 qui
626 2440 756 2477 coronam
781 2424 899 2492 accepit,
924 2423 1036 2476 laudem
1054 2423 1257 2492 desideramus;
1280 2423 1439 2491 quodcum

256 2509 315 2562 sola
332 2507 414 2562 laude
432 2509 500 2576 (non
519 2512 632 2578 corona)
645 2514 756 2563 ornatos
769 2527 828 2563 esse
839 2512 956 2578 propter
974 2526 1076 2564 sacra
1092 2510 1164 2562 rite
1183 2509 1278 2564 facta
1296 2513 1441 2562 curatores

257 2594 452 2662 mysteriorum
476 2593 684 2648 Eleusinicrum
707 2596 783 2648 tituli
807 2594 879 2648 011
906 2596 957 2648 315
981 2599 1010 2648 et
1033 2597 1085 2649 376
1103 2595 1237 2660 doceant,
1261 2598 1289 2648 et
1306 2595 1334 2646 in
1353 2593 1441 2648 titulo

257 2681 279 2734 O
297 2679 399 2734 [12⁷4
417 2696 527 2747 quoquc
540 2680 718 2748 magistratus
736 2681 850 2748 quidam
861 2685 977 2750 propter
995 2697 1096 2734 sacra
1113 2681 1227 2742 laudati.
1245 2696 1301 2734 non
1312 2679 1441 2733 coronati

258 2784 316 2821 esse
334 2767 490 2831 videantur,
508 2766 589 2819 huius
607 2766 713 2819 decreti
730 2785 769 2822 vs.
789 2770 821 2820 17
839 2785 879 2834 sq.
898 2768 937 2820 sic
956 2768 1015 2820 scre
1033 2768 1201 2836 supplendos
1219 2783 1278 2820 esse

325 2869 328 2875 '
360 2854 410 2904 τῶι
428 2853 499 2903 decbr
516 2855 560 2903 καὶ
578 2849 628 2916 τὴν
645 2851 783 2919 τράπεζαν
801 2853 963 2922 aduncare
980 2849 1066 2906 καλῶς
1082 2857 1127 2902 καὶ
1145 2849 1243 2921 melori]

360 2958 416 3004 μως
433 2941 478 2988 καὶ
494 2936 544 3002 τὴν
561 2935 708 3002 παννυχίδα
734 2938 891 3008 inorlrjcaro
914 2935 991 2996 ἄξι’ωι·
1013 2941 1062 2989 τοῦ
1081 2939 1150 2990 θεοῦ
1169 2937 1244 3009 dnae]

365 3025 465 3093 affluas
482 3022 532 3075 τὸν
550 3026 624 3090 Σιρέα
641 3025 690 3075 τοῦ
707 3022 880 3094 Ἂσιιληπι[οῦ
897 3023 948 3076 τὸν
966 3020 1040 3075 δεῖνα
1057 3025 1108 3076 τοῦ
1124 3021 1211 3078 deivos
1230 3054 1259 3063 -
1279 3054 1314 3064 -
1333 3023 1386 3091 Ξυ]

361 3109 536 3180 π[ε]τ[α]ιόνα
553 3107 686 3174 εὐσεβείας
703 3113 781 3162 ἕνεκα
797 3108 853 3165 κτλ,

261 3195 376 3261 conicio,
385 3211 478 3248 errore
485 3199 577 3247 eutem
585 3195 721 3264 lapicidae
732 3197 793 3247 ἐπαι
806 3198 808 3264 l
820 3197 907 3247 νῶσαι
917 3200 1061 3250 exaratum
1068 3213 1126 3250 esse
1132 3195 1211 3264 (Alia
1220 3194 1346 3264 exempla
1354 3193 1443 3248 solius

262 3281 354 3334 laudis
378 3283 443 3334 sunt
467 3279 488 3333 C
507 3278 539 3333 II
559 3279 624 3334 ldb.
643 3282 708 3336 520.
727 3283 778 3334 339
797 3300 820 3335 v.
840 3283 864 3336 5.
882 3284 934 3334 466
951 3299 977 3335 v.
995 3283 1037 3336 30.
1056 3281 1171 3337 ndat
1190 3280 1235 3336 IV
1252 3297 1280 3350 p.
1298 3281 1361 3348 338)
1379 3277 1444 3348 (sed

264 3382 330 3420 sane
348 3366 370 3419 O
388 3363 421 3418 Π
439 3367 490 3420 336
507 3364 528 3420 J
530 3366 588 3419 ovis
607 3365 735 3419 sacerdos
752 3371 868 3435 propter
891 3385 969 3424 sacra
987 3384 1089 3422 corona
1107 3367 1242 3434 ornatur).
1279 3364 1356 3435 Quae
1373 3379 1444 3418 con·

261 3453 369 3506 iectura
386 3452 409 3504 si
427 3452 473 3505 cui
487 3452 682 3506 vehementior
699 3457 728 3506 et
746 3453 876 3507 audacior
887 3455 1012 3528 videtur,¹
1025 3454 1051 3507 ci
1069 3456 1146 3507 certe
1164 3450 1370 3505 concedendum
1389 3453 1444 3513 eet,

263 3537 317 3592 hoc
337 3537 479 3592 decretum
497 3537 741 3608 neglegentissime
760 3540 920 3593 confectum
938 3557 1009 3608 essc;
1032 3557 1096 3593 nam
1114 3556 1149 3593 ne
1168 3539 1241 3593 lorta
1259 3537 1312 3592 hcc
1329 3536 1444 3606 supple·

262 3626 371 3677 mento:

261 3707 313 3774 τὴν
336 3706 484 3772 παννυχίδα
507 3710 675 3781 ἐποιήσατο,
700 3711 838 3762 ἐπαινέσαι
861 3715 906 3762 καὶ
930 3710 1111 3782 maguboldus
1135 3707 1190 3765 κτλ.
1208 3725 1303 3764 omnes
1319 3707 1444 3764 difficul-

262 3798 334 3848 tates
351 3795 467 3866 infringi
485 3813 518 3849 ac
535 3797 605 3850 solvi
622 3814 701 3866 posse
718 3799 808 3866 putet,
827 3800 855 3850 et
873 3796 1034 3850 adverbium
1045 3801 1109 3865 post
1121 3795 1268 3860 ἐποιήσατο
1286 3797 1444 3850 necessario
1552 3819 1553 3826 ι

264 3879 422 3934 addendum
445 3885 474 3936 et
497 3898 598 3936 nomen
621 3882 771 3936 sacerdotia
789 3882 916 3936 honorati
934 3881 1154 3951 postmoerium
1172 3881 1364 3936 collocandum
1382 3897 1445 3936 asae

263 3965 376 4036 cogitet.

350 4052 374 4122 ⁹)
392 4053 428 4108 cl.
445 4054 588 4123 Aristoph.
611 4054 676 4110 Pac.
702 4055 769 4109 1183
787 4070 850 4108 cum
868 4054 962 4119 schol,
986 4057 1015 4108 et
1038 4053 1073 4108 de
1096 4053 1250 4122 llponymis
1273 4051 1372 4108 Liban.
1399 4051 1443 4106 ed

265 4137 379 4192 lldrster
398 4137 495 4194 Herm.
507 4139 552 4194 IX
563 4157 591 4209 p.
603 4143 646 4194 60.
664 4139 741 4196 Suid.
760 4158 780 4195 s.
798 4158 824 4198 r.
842 4139 989 4208 ἐπώνυμοι.
1017 4139 1116 4194 Suides
1134 4157 1155 4196 s.
1172 4158 1199 4196 v.
1210 4138 1310 4212 ἄρχων.
1326 4137 1446 4194 Fiirster

264 4223 363 4280 Herm.
380 4223 425 4279 IX
442 4244 468 4296 p.
487 4228 546 4280 381.

353 4309 374 4380 ³)
398 4311 433 4366 cl.
460 4311 591 4368 Aeschin.
619 4312 743 4382 ctesiph.
770 4315 812 4370 39.
853 4311 1033 4367 Demosthen.
1061 4311 1212 4366 Timocrat.
1238 4311 1272 4382 ἕξ
1289 4313 1323 4366 ab
1347 4313 1378 4365 at
1401 4313 1445 4366 38.

266 4393 381 4450 lliirster
398 4397 416 4453 l.
435 4397 453 4450 l.
471 4396 644 4466 Wachemut,
662 4399 697 4453 da
717 4398 773 4452 situ
790 4398 867 4453 urbis
885 4399 990 4455 Athen.
1008 4397 1040 4453 H
1057 4416 1085 4468 p.
1103 4400 1155 4452 338
1162 4416 1202 4468 aq.
