3128 5128
622 418 815 478 „9-

115 586 166 652 de
188 584 325 668 Bacchi,
355 585 540 652 hederaceis
563 585 741 668 ornabant,
770 586 826 652 sed
847 587 943 671 longe
966 588 1150 671 saepissime
1173 609 1307 654 coronas

117 701 286 783 oleaginus
308 698 503 764 tribuebant.

213 809 358 877 Coronas
387 815 498 875 autem
530 809 692 894 oleaginus
724 809 905 894 antiquitus
933 810 975 876 ad
1003 811 1125 876 cultum
1144 811 1308 877 Minervae

120 921 319 1006 pertinuisse
354 919 433 984 mihi
469 922 630 1004 persnasi;
644 921 668 1002 ¹)
702 921 759 987 sed
788 921 969 987 luculenter
995 921 1058 987 hoc
1087 922 1309 988 demonstrare

121 1039 298 1118 propterea
309 1029 535 1097 difficillimum
546 1031 643 1118 ²)est,
656 1032 741 1115 quod
754 1033 870 1100 harum
881 1055 1071 1099 coronarum
1081 1055 1158 1099 usus
1169 1034 1308 1100 Athenis

124 1166 187 1230 per
207 1150 310 1210 totam
339 1141 407 1208 iere
428 1141 600 1210 Graeciam
627 1145 772 1210 manavit
792 1145 1087 1230 posterioribusque
1109 1147 1309 1231 temporibus

124 1263 161 1322 et
183 1255 398 1322 Athenienses
428 1260 461 1320 et
490 1254 588 1321 ceteri
607 1253 725 1322 Graeci
752 1257 908 1340 genuinae
936 1278 1046 1323 earum
1069 1257 1309 1342 significationis

123 1389 191 1432 non
213 1367 315 1450 magis
336 1388 492 1433 memores
514 1366 662 1450 fuerunt,
686 1388 786 1450 quam
804 1389 861 1434 nos
884 1368 952 1434 fere
973 1374 1085 1434 nostra
1107 1369 1244 1454 insignia
1264 1370 1308 1436 ad

125 1479 232 1545 erucis
259 1477 397 1543 formam
424 1477 565 1562 figurata
593 1484 753 1564 pertinere
774 1480 818 1546 ad
835 1479 955 1547 Christi
976 1479 1099 1546 cultum
1114 1481 1307 1565 cogitamus3

118 1593 239 1673 itaque
268 1610 404 1656 coronae
434 1591 599 1675 oleaginae
628 1598 660 1658 et
686 1614 706 1656 a
731 1592 851 1677 populo
880 1590 1128 1658 Atheniensium
1161 1593 1223 1674 eis,
1252 1592 1309 1676 qui

126 1701 264 1769 aliorum
284 1701 417 1768 deorum
433 1701 556 1768 cultum
570 1703 884 1786 administraverant,
907 1709 939 1769 et
957 1703 1152 1770 asodalioiis
1170 1704 1307 1770 aliorum

126 1814 262 1880 deorum
279 1813 376 1879 datae
399 1821 481 1897 sunt,
500 1835 573 1880 cnm
593 1821 773 1881 ceterarum
796 1837 986 1882 coronarum
1008 1816 1214 1882 frondearum
1236 1838 1309 1882 cum

127 1925 220 1992 cultu
240 1946 340 1990 nexus
362 1925 465 1990 multo
485 1925 610 1992 facilius
632 1927 855 2013 perspiciatur.

214 2036 356 2119 Hedera,
379 2058 452 2102 eum
467 2036 589 2104 Bacchi
609 2061 700 2105 sacra
715 2041 766 2123 sit,
788 2040 1001 2106 Athenienses
1018 2039 1044 2104 si
1059 2043 1115 2122 qui
1131 2041 1171 2106 de
1185 2039 1308 2104 Bacchi

128 2148 394 2233 saorisetpompa
402 2149 482 2215 bene
490 2157 682 2233 meruerant,
694 2173 812 2217 corona
821 2151 999 2217 hederaoea
1010 2151 1127 2238 (κιττοῦ
1135 2149 1309 2236 cromdona)

128 2260 290 2326 ornabant
312 2261 400 2326 velut
421 2261 567 2345 Zopyrus
589 2262 704 2328 Dicaei
725 2262 747 2327 f.
769 2261 963 2346 Melitensis,
990 2267 1083 2348 pater
1106 2262 1236 2346 virginis
1265 2261 1308 2327 ad

128 2373 307 2437 canistrum
328 2372 362 2437 in
381 2395 499 2457 pompa
524 2374 691 2440 ferendum
712 2376 832 2440 electae
848 2371 881 2463 (ὁ
896 2374 1001 2462 πατὴρ
1018 2381 1074 2462 τῆς
1092 2375 1310 2459 καταλεγείσης

127 2482 323 2570 κανηφόρου)
353 2506 374 2550 e
402 2486 522 2570 populo
551 2485 811 2570 Atheniensium,
824 2487 848 2570 ⁸)
872 2486 1101 2553 Aroesidemns
1123 2485 1309 2552 Peisicratis

129 2594 412 2680 tanchredus,
447 2600 524 2663 item
557 2604 649 2683 pater
681 2599 853 2684 oenophori
885 2599 1069 2682 cniusdam„
1104 2621 1123 2664 a
1156 2597 1310 2664 olernchis

131 2706 225 2791 Scyri
247 2707 370 2774 insulae
381 2707 406 2790 4)
435 2717 539 2776 κιττοῦ
560 2709 722 2796 crepitum
743 2712 910 2776 redimitus
931 2717 994 2792 est3
1017 2732 1075 2777 nec
1097 2713 1201 2775 minus
1221 2729 1312 2775 cane·

130 2819 251 2904 phoros
279 2821 366 2904 ipsas
393 2841 413 2886 a
444 2827 557 2888 senatu
587 2823 772 2907 populoque
801 2844 919 2889 corona
946 2822 1122 2888 hederaoea
1149 2821 1311 2886 interdum

129 2953 201 2996 esse
223 2939 353 2997 ornatas
376 2954 394 2997 e
415 2933 509 3000 titulo
535 2936 641 3000 votivo
662 2935 802 3000 Athenis
829 2937 862 2998 in
885 2955 958 2999 arce
978 2939 1104 3017 reperto
1116 2933 1143 3019 ⁵)
1166 2939 1309 3017 apparet.

221 3104 243 3171 ¹)
262 3102 433 3158 sodalicium
451 3104 602 3173 hominurn,
622 3105 669 3173 qui
680 3104 823 3159 Minervae
841 3103 929 3158 cultui
947 3120 976 3158 se
994 3103 1129 3158 dederant
1141 3104 1251 3172 (θίασος
1268 3103 1314 3157 vel

130 3185 227 3240 κοινὸν
246 3189 502 3261 Παναθηναιστιῦν)
521 3195 549 3245 et
568 3191 615 3259 qui
634 3207 762 3246 coronam
775 3190 917 3245 Minervae
938 3191 967 3260 (i.
980 3208 1002 3245 e.
1022 3191 1191 3261 oleaginum)
1208 3189 1313 3243 tribue·

130 3274 213 3340 bant,
238 3274 267 3328 in
291 3275 394 3344 oppido
418 3276 475 3330 Teo
500 3277 554 3330 luit
572 3276 649 3333 GIG
666 3279 734 3331 3073
753 3286 797 3345 t:
815 3276 938 3331 Foucart
955 3277 972 3331 l.
991 3276 1009 3331 1.
1029 3295 1054 3346 p.
1073 3278 1125 3330 888
1143 3274 1195 3329 No.
1213 3277 1259 3344 60)
1278 3292 1310 3330 ac

130 3359 231 3414 dubito
249 3377 284 3413 an
302 3359 396 3415 Rhodi
414 3379 523 3431 quoque
541 3361 772 3418 Panathenaistee
790 3363 904 3430 fuerint,
931 3363 966 3418 cf.
986 3361 1064 3417 OIG
1081 3362 1150 3416 8528
1168 3361 1229 3428 (sed
1246 3361 1311 3415 vide

130 3462 202 3514 quae
220 3445 362 3500 Biickhius
379 3447 523 3503 adnotavit
541 3449 577 3502 ad
594 3450 700 3518 atreb)
719 3449 785 3518 (vol.
804 3448 836 3502 II
854 3467 881 3518 p.
899 3450 969 3503 892θ
994 3466 1020 3502 v.
1040 3449 1093 3516 10).

217 3531 238 3602 ²)
256 3534 377 3588 Accedit
394 3535 449 3588 alia
466 3534 624 3590 difficultas.
653 3539 762 3590 constat
780 3535 855 3589 enim
867 3535 987 3589 Athenis
1005 3550 1135 3588 coronam
1154 3531 1310 3602 oleaginam

129 3617 316 3689 significatam
330 3636 388 3674 esse
400 3621 507 3675 verbis:
527 3623 657 3691 στέφανος
676 3617 780 3673 θαλλοῦ
785 3640 796 3683 ,·
816 3621 916 3690 quibus
934 3637 969 3674 an
987 3620 1057 3674 eliae
1072 3635 1181 3688 quoque
1194 3633 1311 3672 coronae

130 3705 279 3758 eramulis
296 3707 385 3760 sertae
409 3705 501 3760 notari
525 3706 715 3777 potuerint
741 3707 880 3762 incertum
904 3710 953 3760 est.
981 3705 1046 3774 (hoc
1063 3704 1175 3758 videtur
1191 3702 1311 3758 voluisse

129 3789 255 3844 Fouoart
278 3807 341 3844 cum
365 3791 481 3848 diceret.
504 3792 521 3848 l.
540 3792 558 3847 l.
575 3811 603 3862 p.
621 3793 668 3846 35:
699 3792 728 3848 la
753 3809 891 3848 courcnuc
915 3792 985 3847 etan
1008 3791 1040 3846 de
1063 3790 1161 3860 simple
1179 3789 1311 3860 feuillape

130 3872 251 3948 [datiae
268 3879 420 3948 στέφανος])
437 3878 486 3933 sed
506 3879 626 3934 Athenis
650 3882 726 3933 certe
744 3876 850 3931 θαλλοῦ
875 3881 1005 3949 στέφανος
1028 3877 1098 3931 nihil
1122 3876 1177 3930 fuit
1193 3875 1249 3929 nisi
1266 3893 1312 3930 co·

128 3979 200 4017 rona
217 3962 350 4033 oleagina,
367 3981 432 4018 nam
449 3965 520 4019 falso
537 3965 678 4035 scripsisse
690 3965 813 4020 Philium
831 3969 948 4036 apparet
959 3964 1030 4034 Eph.
1050 3962 1125 4017 arch.
1140 3963 1206 4016 1887
1218 3980 1246 4032 p.
1261 3963 1311 4016 177

127 4066 155 4104 v.
176 4048 209 4102 15
232 4051 277 4098 καὶ
301 4050 471 4118 στεφανῶσαι
495 4050 634 4121 ἑκάτερο[ν
652 4047 758 4102 θαλλοῦ
776 4052 866 4122 puppi]
882 4052 887 4120 Ι
903 4069 949 4114 ope
972 4047 1120 4117 στεφάνωι,
1145 4065 1208 4102 oum
1232 4047 1312 4101 resti-

127 4133 266 4190 tuendum
283 4135 332 4189 sit:
352 4135 494 4207 iurirrpo[v
512 4133 604 4188 αὐτῶν
621 4136 716 4207 pappi]
734 4136 738 4206 Ι
754 4155 801 4201 vqs
819 4134 961 4205 στεφάνωι.

219 4220 243 4288 ⁸)
262 4219 284 4274 Ο
302 4220 412 4277 11480.
447 4221 542 4276 Etiam
559 4221 642 4276 titulo
662 4223 684 4277 0
702 4221 735 4276 II
752 4223 804 4276 453
821 4221 913 4274 κιττοῦ
932 4222 1062 4289 στέφανος
1079 4217 1243 4273 inserendus
1260 4222 1311 4274 est.

218 4305 243 4374 ⁴)
262 4305 330 4375 Syll.
348 4309 399 4362 888
417 4333 451 4352 =
469 4307 589 4363 BdOH
608 4310 675 4363 1878
691 4325 719 4378 p.
736 4309 780 4363 62.

218 4390 244 4461 ὁ)
261 4391 334 4462 apa
353 4393 428 4450 arob.
448 4395 515 4448 1887
531 4411 559 4464 p.
576 4396 611 4450 47
629 4417 661 4441 =
681 4393 754 4450 011
773 4393 872 4448 18881).
942 4403 943 4406 ’
