<?xml version="1.0" encoding="UTF-8"?>
<!DOCTYPE html PUBLIC "-//W3C//DTD XHTML 1.0 Transitional//EN"
    "http://www.w3.org/TR/xhtml1/DTD/xhtml1-transitional.dtd">
<html xmlns="http://www.w3.org/1999/xhtml" xml:lang="en" lang="en">
 <head>
  <title>
</title>
<meta http-equiv="Content-Type" content="text/html;charset=utf-8" />
  <meta name='ocr-system' content='tesseract 3.04.00' />
  <meta name='ocr-capabilities' content='ocr_page ocr_carea ocr_par ocr_line ocrx_word'/>
</head>
<body>
  <div class='ocr_page' id='page_1' title='image "./decoronarumapud00schmgoog_0017.png"; bbox 0 0 3128 5128; ppageno 0'>
   <div class='ocr_carea' id='block_1_1' title="bbox 754 353 947 412">
    <p class='ocr_par' dir='ltr' id='par_1_1' title="bbox 754 353 947 412">
     <span class='ocr_line' id='line_1_1' title="bbox 754 353 947 412; baseline 0 -18"><span class='ocrx_word' id='word_1_1' title='bbox 754 353 947 412; x_wconf 64' lang='lat'>..3-</span> 
     </span>
    </p>
   </div>
   <div class='ocr_carea' id='block_1_2' title="bbox 262 517 1525 1142">
    <p class='ocr_par' dir='ltr' id='par_1_2' title="bbox 262 517 1525 1142">
     <span class='ocr_line' id='line_1_2' title="bbox 262 517 1450 603; baseline 0 -18"><span class='ocrx_word' id='word_1_2' title='bbox 262 519 418 588; x_wconf 85' lang='lat' dir='ltr'><strong>malevolo</strong></span> <span class='ocrx_word' id='word_1_3' title='bbox 441 541 478 584; x_wconf 91' lang='lat' dir='ltr'><strong>eo</strong></span> <span class='ocrx_word' id='word_1_4' title='bbox 497 518 623 584; x_wconf 81' lang='lat' dir='ltr'><strong>&#39;facilius</strong></span> <span class='ocrx_word' id='word_1_5' title='bbox 643 518 722 602; x_wconf 85' lang='lat' dir='ltr'><strong>fuit,</strong></span> <span class='ocrx_word' id='word_1_6' title='bbox 752 517 934 584; x_wconf 81' lang='lat' dir='ltr'><strong>Miltiadem</strong></span> <span class='ocrx_word' id='word_1_7' title='bbox 955 518 1120 603; x_wconf 81' lang='lat' dir='ltr'>repulsam</span> <span class='ocrx_word' id='word_1_8' title='bbox 1141 517 1253 586; x_wconf 88' lang='lat' dir='ltr'><strong>tulisse</strong></span> <span class='ocrx_word' id='word_1_9' title='bbox 1265 517 1450 586; x_wconf 87' lang='lat' dir='ltr'><strong>Athenien-</strong></span> 
     </span>
     <span class='ocr_line' id='line_1_3' title="bbox 263 629 1525 715; baseline 0.001 -19"><span class='ocrx_word' id='word_1_10' title='bbox 263 631 350 698; x_wconf 85' lang='lat' dir='ltr'>sibus</span> <span class='ocrx_word' id='word_1_11' title='bbox 379 631 590 715; x_wconf 89' lang='lat' dir='ltr'><strong>persuadere,</strong></span> <span class='ocrx_word' id='word_1_12' title='bbox 620 652 683 714; x_wconf 92' lang='lat' dir='ltr'><strong>quo</strong></span> <span class='ocrx_word' id='word_1_13' title='bbox 712 629 864 696; x_wconf 90' lang='lat' dir='ltr'><strong>libentius</strong></span> <span class='ocrx_word' id='word_1_14' title='bbox 892 651 1032 696; x_wconf 89' lang='lat' dir='ltr'><strong>summos</strong></span> <span class='ocrx_word' id='word_1_15' title='bbox 1054 631 1140 696; x_wconf 88' lang='lat' dir='ltr'><strong>viros</strong></span> <span class='ocrx_word' id='word_1_16' title='bbox 1159 650 1236 696; x_wconf 91' lang='lat' dir='ltr'><strong>suae</strong></span> <span class='ocrx_word' id='word_1_17' title='bbox 1257 632 1450 698; x_wconf 74' lang='lat' dir='ltr'>auctoritati</span> <span class='ocrx_word' id='word_1_18' title='bbox 1524 651 1525 664; x_wconf 60' lang='lat'>¹</span> 
     </span>
     <span class='ocr_line' id='line_1_4' title="bbox 263 741 1525 826; baseline 0.001 -19"><span class='ocrx_word' id='word_1_19' title='bbox 263 746 393 808; x_wconf 76' lang='lat' dir='ltr'><strong>cessisse</strong></span> <span class='ocrx_word' id='word_1_20' title='bbox 415 741 526 825; x_wconf 87' lang='lat' dir='ltr'><strong>volgus</strong></span> <span class='ocrx_word' id='word_1_21' title='bbox 548 742 735 826; x_wconf 86' lang='lat' dir='ltr'><strong>plerumque</strong></span> <span class='ocrx_word' id='word_1_22' title='bbox 757 742 882 825; x_wconf 90' lang='lat' dir='ltr'><strong>accipit.</strong></span> <span class='ocrx_word' id='word_1_23' title='bbox 920 741 1012 826; x_wconf 80' lang='lat' dir='ltr'><strong>Quae</strong></span> <span class='ocrx_word' id='word_1_24' title='bbox 1029 763 1102 807; x_wconf 91' lang='lat' dir='ltr'><strong>eum</strong></span> <span class='ocrx_word' id='word_1_25' title='bbox 1121 744 1168 808; x_wconf 92' lang='lat' dir='ltr'><strong>ita</strong></span> <span class='ocrx_word' id='word_1_26' title='bbox 1183 743 1257 826; x_wconf 87' lang='lat' dir='ltr'><strong>sint,</strong></span> <span class='ocrx_word' id='word_1_27' title='bbox 1279 743 1361 809; x_wconf 90' lang='lat' dir='ltr'><strong>satis</strong></span> <span class='ocrx_word' id='word_1_28' title='bbox 1379 744 1451 808; x_wconf 86' lang='lat' dir='ltr'><strong>iam</strong></span> <span class='ocrx_word' id='word_1_29' title='bbox 1524 747 1525 770; x_wconf 60' lang='lat'>³</span> 
     </span>
     <span class='ocr_line' id='line_1_5' title="bbox 264 847 1525 935; baseline -0.002 -15"><span class='ocrx_word' id='word_1_30' title='bbox 264 855 498 920; x_wconf 75' lang='lat' dir='ltr'><strong>demonstrasse</strong></span> <span class='ocrx_word' id='word_1_31' title='bbox 523 853 602 918; x_wconf 91' lang='lat' dir='ltr'><strong>mihi</strong></span> <span class='ocrx_word' id='word_1_32' title='bbox 628 853 755 935; x_wconf 85' lang='lat' dir='ltr'><strong>videor,</strong></span> <span class='ocrx_word' id='word_1_33' title='bbox 789 873 924 918; x_wconf 89' lang='lat' dir='ltr'><strong>coronae</strong></span> <span class='ocrx_word' id='word_1_34' title='bbox 945 853 1101 919; x_wconf 86' lang='lat' dir='ltr'><strong>honorem</strong></span> <span class='ocrx_word' id='word_1_35' title='bbox 1122 847 1164 918; x_wconf 93' lang='lat' dir='ltr'><strong>ab</strong></span> <span class='ocrx_word' id='word_1_36' title='bbox 1188 852 1450 920; x_wconf 76' lang='lat' dir='ltr'><strong>Atheniensibus</strong></span> <span class='ocrx_word' id='word_1_37' title='bbox 1524 919 1525 934; x_wconf 16' lang='grc' dir='ltr'>ἶ</span> 
     </span>
     <span class='ocr_line' id='line_1_6' title="bbox 264 939 1525 1050; baseline 0.001 -20"><span class='ocrx_word' id='word_1_38' title='bbox 264 965 521 1030; x_wconf 82' lang='lat' dir='ltr'><strong>Periclis&#39;aetate</strong></span> <span class='ocrx_word' id='word_1_39' title='bbox 537 985 606 1030; x_wconf 89' lang='lat' dir='ltr'><strong>esse</strong></span> <span class='ocrx_word' id='word_1_40' title='bbox 620 964 802 1044; x_wconf 86' lang='lat' dir='ltr'><strong>inventum;</strong></span> <span class='ocrx_word' id='word_1_41' title='bbox 816 967 960 1046; x_wconf 88' lang='lat' dir='ltr'><strong>sequitur</strong></span> <span class='ocrx_word' id='word_1_42' title='bbox 971 971 1009 1030; x_wconf 91' lang='lat' dir='ltr'><strong>ut</strong></span> <span class='ocrx_word' id='word_1_43' title='bbox 1020 966 1059 1031; x_wconf 90' lang='lat' dir='ltr'><strong>de</strong></span> <span class='ocrx_word' id='word_1_44' title='bbox 1072 987 1263 1032; x_wconf 89' lang='lat' dir='ltr'><strong>coronarum</strong></span> <span class='ocrx_word' id='word_1_45' title='bbox 1274 965 1451 1050; x_wconf 86' lang='lat' dir='ltr'><strong>generibus</strong></span> <span class='ocrx_word' id='word_1_46' title='bbox 1524 939 1525 1020; x_wconf 71' lang='lat' dir='ltr'><strong>l</strong></span> 
     </span>
     <span class='ocr_line' id='line_1_7' title="bbox 265 1075 511 1142; baseline -0.004 0"><span class='ocrx_word' id='word_1_47' title='bbox 265 1077 363 1142; x_wconf 86' lang='lat' dir='ltr'><strong>verba</strong></span> <span class='ocrx_word' id='word_1_48' title='bbox 384 1075 511 1142; x_wconf 84' lang='lat' dir='ltr'><strong>faciam.</strong></span> 
     </span>
    </p>
   </div>
   <div class='ocr_carea' id='block_1_3' title="bbox 827 1279 876 1346">
    <p class='ocr_par' dir='ltr' id='par_1_3' title="bbox 827 1279 876 1346">
     <span class='ocr_line' id='line_1_8' title="bbox 827 1279 876 1346; baseline 0 -1"><span class='ocrx_word' id='word_1_49' title='bbox 827 1279 876 1346; x_wconf 92' lang='lat' dir='ltr'><strong>II.</strong></span> 
     </span>
    </p>
   </div>
   <div class='ocr_carea' id='block_1_4' title="bbox 592 1451 1122 1536">
    <p class='ocr_par' dir='ltr' id='par_1_4' title="bbox 592 1451 1122 1536">
     <span class='ocr_line' id='line_1_9' title="bbox 592 1451 1122 1536; baseline 0.004 -18"><span class='ocrx_word' id='word_1_50' title='bbox 592 1451 646 1518; x_wconf 74' lang='lat' dir='ltr'><strong>lie</strong></span> <span class='ocrx_word' id='word_1_51' title='bbox 670 1469 890 1520; x_wconf 89' lang='lat' dir='ltr'><strong>coronarum</strong></span> <span class='ocrx_word' id='word_1_52' title='bbox 912 1453 1122 1536; x_wconf 84' lang='lat' dir='ltr'><strong>generibus.</strong></span> 
     </span>
    </p>
   </div>
   <div class='ocr_carea' id='block_1_5' title="bbox 267 1621 1455 2713">
    <p class='ocr_par' dir='ltr' id='par_1_5' title="bbox 267 1621 1455 2713">
     <span class='ocr_line' id='line_1_10' title="bbox 352 1621 1454 1712; baseline 0.005 -25"><span class='ocrx_word' id='word_1_53' title='bbox 352 1621 511 1706; x_wconf 85' lang='lat' dir='ltr'><strong>Laureae,</strong></span> <span class='ocrx_word' id='word_1_54' title='bbox 531 1623 737 1707; x_wconf 90' lang='lat' dir='ltr'><strong>hederaceae,</strong></span> <span class='ocrx_word' id='word_1_55' title='bbox 758 1629 912 1707; x_wconf 88' lang='lat' dir='ltr'><strong>murteae,</strong></span> <span class='ocrx_word' id='word_1_56' title='bbox 936 1624 1102 1709; x_wconf 84' lang='lat' dir='ltr'><strong>oleaginae</strong></span> <span class='ocrx_word' id='word_1_57' title='bbox 1122 1625 1252 1692; x_wconf 86' lang='lat' dir='ltr'><strong>frondes</strong></span> <span class='ocrx_word' id='word_1_58' title='bbox 1275 1648 1350 1692; x_wconf 90' lang='lat' dir='ltr'><strong>cum</strong></span> <span class='ocrx_word' id='word_1_59' title='bbox 1365 1649 1454 1712; x_wconf 87' lang='lat' dir='ltr'><strong>quae</strong></span> 
     </span>
     <span class='ocr_line' id='line_1_11' title="bbox 267 1734 1454 1821; baseline 0.005 -23"><span class='ocrx_word' id='word_1_60' title='bbox 267 1735 300 1798; x_wconf 92' lang='lat' dir='ltr'><strong>in</strong></span> <span class='ocrx_word' id='word_1_61' title='bbox 335 1734 420 1799; x_wconf 93' lang='lat' dir='ltr'><strong>omni</strong></span> <span class='ocrx_word' id='word_1_62' title='bbox 453 1734 586 1800; x_wconf 87' lang='lat' dir='ltr'><strong>deorum</strong></span> <span class='ocrx_word' id='word_1_63' title='bbox 618 1735 707 1802; x_wconf 92' lang='lat' dir='ltr'><strong>cultu</strong></span> <span class='ocrx_word' id='word_1_64' title='bbox 740 1741 988 1820; x_wconf 75' lang='lat' dir='ltr'><strong>usurparentur,</strong></span> <span class='ocrx_word' id='word_1_65' title='bbox 1020 1741 1091 1802; x_wconf 89' lang='lat' dir='ltr'><strong>tum</strong></span> <span class='ocrx_word' id='word_1_66' title='bbox 1120 1758 1137 1802; x_wconf 89' lang='lat' dir='ltr'><strong>s</strong></span> <span class='ocrx_word' id='word_1_67' title='bbox 1165 1737 1281 1821; x_wconf 90' lang='lat' dir='ltr'><strong>quibus</strong></span> <span class='ocrx_word' id='word_1_68' title='bbox 1312 1759 1454 1804; x_wconf 90' lang='lat' dir='ltr'><strong>coronae</strong></span> 
     </span>
     <span class='ocr_line' id='line_1_12' title="bbox 267 1846 1455 1934; baseline 0.005 -24"><span class='ocrx_word' id='word_1_69' title='bbox 267 1851 479 1928; x_wconf 87' lang='lat' dir='ltr'><strong>necterentur,</strong></span> <span class='ocrx_word' id='word_1_70' title='bbox 501 1852 631 1930; x_wconf 86' lang='lat' dir='ltr'><strong>propter</strong></span> <span class='ocrx_word' id='word_1_71' title='bbox 647 1846 797 1913; x_wconf 89' lang='lat' dir='ltr'><strong>foliorum</strong></span> <span class='ocrx_word' id='word_1_72' title='bbox 817 1850 1042 1933; x_wconf 89' lang='lat' dir='ltr'><strong>sempiternam</strong></span> <span class='ocrx_word' id='word_1_73' title='bbox 1057 1849 1251 1915; x_wconf 73' lang='lat' dir='ltr'><strong>viriditatem</strong></span> <span class='ocrx_word' id='word_1_74' title='bbox 1262 1849 1288 1934; x_wconf 85' lang='lat'><strong>¹)</strong></span> <span class='ocrx_word' id='word_1_75' title='bbox 1311 1852 1455 1917; x_wconf 79' lang='lat' dir='ltr'><strong>maxime</strong></span> 
     </span>
     <span class='ocr_line' id='line_1_13' title="bbox 268 1957 1454 2045; baseline 0.005 -24"><span class='ocrx_word' id='word_1_76' title='bbox 268 1957 403 2022; x_wconf 88' lang='lat' dir='ltr'><strong>idoneae</strong></span> <span class='ocrx_word' id='word_1_77' title='bbox 424 1957 570 2039; x_wconf 76' lang='lat' dir='ltr'><strong>fuerunt,</strong></span> <span class='ocrx_word' id='word_1_78' title='bbox 595 1959 706 2042; x_wconf 92' lang='lat' dir='ltr'><strong>itaque</strong></span> <span class='ocrx_word' id='word_1_79' title='bbox 724 1960 773 2024; x_wconf 91' lang='lat' dir='ltr'><strong>his</strong></span> <span class='ocrx_word' id='word_1_80' title='bbox 788 1961 990 2045; x_wconf 88' lang='lat' dir='ltr'><strong>potissimum</strong></span> <span class='ocrx_word' id='word_1_81' title='bbox 1002 1961 1121 2028; x_wconf 83' lang='lat' dir='ltr'><strong>Graeci</strong></span> <span class='ocrx_word' id='word_1_82' title='bbox 1138 1961 1180 2026; x_wconf 91' lang='lat' dir='ltr'><strong>ad</strong></span> <span class='ocrx_word' id='word_1_83' title='bbox 1199 1982 1334 2028; x_wconf 91' lang='lat' dir='ltr'><strong>coronas</strong></span> <span class='ocrx_word' id='word_1_84' title='bbox 1352 1963 1454 2027; x_wconf 92' lang='lat' dir='ltr'><strong>hono-</strong></span> 
     </span>
     <span class='ocr_line' id='line_1_14' title="bbox 269 2069 1454 2156; baseline 0.004 -22"><span class='ocrx_word' id='word_1_85' title='bbox 269 2069 371 2135; x_wconf 85' lang='lat' dir='ltr'><strong>rarias</strong></span> <span class='ocrx_word' id='word_1_86' title='bbox 398 2069 548 2136; x_wconf 85' lang='lat' dir='ltr'><strong>serendas</strong></span> <span class='ocrx_word' id='word_1_87' title='bbox 570 2073 621 2135; x_wconf 90' lang='lat' dir='ltr'><strong>usi</strong></span> <span class='ocrx_word' id='word_1_88' title='bbox 643 2076 727 2136; x_wconf 89' lang='lat' dir='ltr'><strong>sunt.</strong></span> <span class='ocrx_word' id='word_1_89' title='bbox 740 2072 765 2153; x_wconf 72' lang='lat'><strong>²)</strong></span> <span class='ocrx_word' id='word_1_90' title='bbox 808 2072 1031 2156; x_wconf 90' lang='lat' dir='ltr'><strong>Unaquaeque</strong></span> <span class='ocrx_word' id='word_1_91' title='bbox 1052 2078 1162 2138; x_wconf 91' lang='lat' dir='ltr'><strong>autem</strong></span> <span class='ocrx_word' id='word_1_92' title='bbox 1182 2073 1295 2139; x_wconf 82' lang='lat' dir='ltr'><strong>civitas</strong></span> <span class='ocrx_word' id='word_1_93' title='bbox 1316 2095 1454 2140; x_wconf 87' lang='lat' dir='ltr'><strong>coronas</strong></span> 
     </span>
     <span class='ocr_line' id='line_1_15' title="bbox 269 2181 1453 2267; baseline 0.003 -19"><span class='ocrx_word' id='word_1_94' title='bbox 269 2182 370 2248; x_wconf 91' lang='lat' dir='ltr'><strong>dabat</strong></span> <span class='ocrx_word' id='word_1_95' title='bbox 391 2203 408 2246; x_wconf 92' lang='lat' dir='ltr'><strong>e</strong></span> <span class='ocrx_word' id='word_1_96' title='bbox 430 2181 543 2248; x_wconf 88' lang='lat' dir='ltr'><strong>fronde</strong></span> <span class='ocrx_word' id='word_1_97' title='bbox 564 2203 656 2248; x_wconf 90' lang='lat' dir='ltr'><strong>sacra</strong></span> <span class='ocrx_word' id='word_1_98' title='bbox 677 2185 744 2248; x_wconf 91' lang='lat' dir='ltr'><strong>eius</strong></span> <span class='ocrx_word' id='word_1_99' title='bbox 767 2183 819 2249; x_wconf 92' lang='lat' dir='ltr'><strong>dei</strong></span> <span class='ocrx_word' id='word_1_100' title='bbox 837 2191 948 2267; x_wconf 87' lang='lat' dir='ltr'><strong>sertas,</strong></span> <span class='ocrx_word' id='word_1_101' title='bbox 972 2205 1068 2267; x_wconf 90' lang='lat' dir='ltr'><strong>quem</strong></span> <span class='ocrx_word' id='word_1_102' title='bbox 1088 2189 1126 2250; x_wconf 90' lang='lat' dir='ltr'><strong>ut</strong></span> <span class='ocrx_word' id='word_1_103' title='bbox 1142 2184 1231 2250; x_wconf 91' lang='lat' dir='ltr'><strong>urbis</strong></span> <span class='ocrx_word' id='word_1_104' title='bbox 1249 2186 1453 2252; x_wconf 88' lang='lat' dir='ltr'><strong>conditorem</strong></span> 
     </span>
     <span class='ocr_line' id='line_1_16' title="bbox 270 2291 1453 2381; baseline 0.001 -21"><span class='ocrx_word' id='word_1_105' title='bbox 270 2294 468 2381; x_wconf 75' lang='grc' dir='ltr'><strong>(ἀρχηγέτην)</strong></span> <span class='ocrx_word' id='word_1_106' title='bbox 480 2291 507 2380; x_wconf 62' lang='grc' dir='ltr'><strong>Β)</strong></span> <span class='ocrx_word' id='word_1_107' title='bbox 529 2299 588 2358; x_wconf 88' lang='lat' dir='ltr'><strong>aut</strong></span> <span class='ocrx_word' id='word_1_108' title='bbox 606 2295 744 2359; x_wconf 87' lang='lat' dir='ltr'><strong>civitatis</strong></span> <span class='ocrx_word' id='word_1_109' title='bbox 759 2301 901 2361; x_wconf 90' lang='lat' dir='ltr'><strong>tutorem</strong></span> <span class='ocrx_word' id='word_1_110' title='bbox 917 2301 950 2362; x_wconf 92' lang='lat' dir='ltr'><strong>et</strong></span> <span class='ocrx_word' id='word_1_111' title='bbox 964 2295 1124 2361; x_wconf 86' lang='lat' dir='ltr'><strong>fautorem</strong></span> <span class='ocrx_word' id='word_1_112' title='bbox 1135 2296 1274 2361; x_wconf 88' lang='lat' dir='ltr'><strong>maxime</strong></span> <span class='ocrx_word' id='word_1_113' title='bbox 1293 2297 1453 2380; x_wconf 87' lang='lat' dir='ltr'><strong>colebant,</strong></span> 
     </span>
     <span class='ocr_line' id='line_1_17' title="bbox 272 2404 1454 2492; baseline 0.002 -21"><span class='ocrx_word' id='word_1_114' title='bbox 272 2405 427 2487; x_wconf 90' lang='lat' dir='ltr'><strong>cuiusque</strong></span> <span class='ocrx_word' id='word_1_115' title='bbox 449 2404 482 2468; x_wconf 92' lang='lat' dir='ltr'><strong>in</strong></span> <span class='ocrx_word' id='word_1_116' title='bbox 505 2405 658 2470; x_wconf 88' lang='lat' dir='ltr'><strong>honorem</strong></span> <span class='ocrx_word' id='word_1_117' title='bbox 680 2409 857 2474; x_wconf 87' lang='lat' dir='ltr'><strong>certamina</strong></span> <span class='ocrx_word' id='word_1_118' title='bbox 880 2407 1021 2472; x_wconf 85' lang='lat' dir='ltr'><strong>maxima</strong></span> <span class='ocrx_word' id='word_1_119' title='bbox 1043 2407 1300 2474; x_wconf 81' lang='lat' dir='ltr'><strong>celebrabantur.</strong></span> <span class='ocrx_word' id='word_1_120' title='bbox 1333 2407 1454 2492; x_wconf 88' lang='lat' dir='ltr'><strong>Neque</strong></span> 
     </span>
     <span class='ocr_line' id='line_1_18' title="bbox 271 2515 1454 2602; baseline 0.002 -20"><span class='ocrx_word' id='word_1_121' title='bbox 271 2517 376 2582; x_wconf 91' lang='lat' dir='ltr'><strong>minus</strong></span> <span class='ocrx_word' id='word_1_122' title='bbox 405 2515 541 2600; x_wconf 85' lang='lat' dir='ltr'><strong>collegia</strong></span> <span class='ocrx_word' id='word_1_123' title='bbox 570 2523 602 2583; x_wconf 91' lang='lat' dir='ltr'><strong>et</strong></span> <span class='ocrx_word' id='word_1_124' title='bbox 630 2518 784 2584; x_wconf 88' lang='lat' dir='ltr'><strong>sodalicia</strong></span> <span class='ocrx_word' id='word_1_125' title='bbox 814 2518 864 2583; x_wconf 91' lang='lat' dir='ltr'><strong>sui</strong></span> <span class='ocrx_word' id='word_1_126' title='bbox 895 2518 1046 2602; x_wconf 88' lang='lat' dir='ltr'><strong>quodque</strong></span> <span class='ocrx_word' id='word_1_127' title='bbox 1068 2518 1121 2584; x_wconf 93' lang='lat' dir='ltr'><strong>dei</strong></span> <span class='ocrx_word' id='word_1_128' title='bbox 1143 2539 1297 2584; x_wconf 90' lang='lat' dir='ltr'><strong>coronam</strong></span> <span class='ocrx_word' id='word_1_129' title='bbox 1319 2519 1454 2584; x_wconf 88' lang='lat' dir='ltr'><strong>dabant.</strong></span> 
     </span>
     <span class='ocr_line' id='line_1_19' title="bbox 271 2628 1453 2713; baseline 0.001 -20"><span class='ocrx_word' id='word_1_130' title='bbox 271 2628 487 2693; x_wconf 84' lang='lat' dir='ltr'><strong>Athenienses</strong></span> <span class='ocrx_word' id='word_1_131' title='bbox 505 2635 613 2695; x_wconf 86' lang='lat' dir='ltr'><strong>autem</strong></span> <span class='ocrx_word' id='word_1_132' title='bbox 635 2629 720 2696; x_wconf 84' lang='lat' dir='ltr'><strong>viros</strong></span> <span class='ocrx_word' id='word_1_133' title='bbox 742 2631 783 2695; x_wconf 92' lang='lat' dir='ltr'><strong>de</strong></span> <span class='ocrx_word' id='word_1_134' title='bbox 804 2630 890 2695; x_wconf 92' lang='lat' dir='ltr'><strong>culto</strong></span> <span class='ocrx_word' id='word_1_135' title='bbox 910 2628 1036 2696; x_wconf 81' lang='lat' dir='ltr'><strong>Cereris</strong></span> <span class='ocrx_word' id='word_1_136' title='bbox 1052 2630 1289 2713; x_wconf 89' lang='lat' dir='ltr'><strong>benemeritos,</strong></span> <span class='ocrx_word' id='word_1_137' title='bbox 1309 2630 1453 2712; x_wconf 87' lang='lat' dir='ltr'><strong>murteis,</strong></span> 
     </span>
    </p>
   </div>
   <div class='ocr_carea' id='block_1_6' title="bbox 259 2866 1525 4318">
    <p class='ocr_par' dir='ltr' id='par_1_6' title="bbox 259 2866 1525 4318">
     <span class='ocr_line' id='line_1_20' title="bbox 279 2866 1455 2941; baseline 0 -17"><span class='ocrx_word' id='word_1_138' title='bbox 279 2867 498 2940; x_wconf 73' lang='lat' dir='ltr'><strong>Uetersacbaap.</strong></span> <span class='ocrx_word' id='word_1_139' title='bbox 527 2867 570 2923; x_wconf 81' lang='lat' dir='ltr'><strong>ot.</strong></span> <span class='ocrx_word' id='word_1_140' title='bbox 599 2867 642 2924; x_wconf 81' lang='lat' dir='ltr'><strong>dic</strong></span> <span class='ocrx_word' id='word_1_141' title='bbox 669 2866 770 2940; x_wconf 74' lang='lat' dir='ltr'><strong>prieti.</strong></span> <span class='ocrx_word' id='word_1_142' title='bbox 801 2867 959 2923; x_wconf 76' lang='lat' dir='ltr'><strong>Gcscticbtc</strong></span> <span class='ocrx_word' id='word_1_143' title='bbox 983 2867 1026 2922; x_wconf 81' lang='lat' dir='ltr'><strong>bei</strong></span> <span class='ocrx_word' id='word_1_144' title='bbox 1051 2867 1193 2937; x_wconf 79' lang='lat' dir='ltr'><strong>Ephoros,</strong></span> <span class='ocrx_word' id='word_1_145' title='bbox 1222 2869 1377 2941; x_wconf 84' lang='lat' dir='ltr'><strong>Tbcopomp</strong></span> <span class='ocrx_word' id='word_1_146' title='bbox 1404 2872 1455 2924; x_wconf 77' lang='lat' dir='ltr'><strong>etc.</strong></span> 
     </span>
     <span class='ocr_line' id='line_1_21' title="bbox 271 2954 1456 3024; baseline -0.002 -14"><span class='ocrx_word' id='word_1_147' title='bbox 271 2954 367 3024; x_wconf 85' lang='lat' dir='ltr'><strong>Leipz.</strong></span> <span class='ocrx_word' id='word_1_148' title='bbox 387 2954 453 3010; x_wconf 85' lang='grc'><strong>1679</strong></span> <span class='ocrx_word' id='word_1_149' title='bbox 471 2972 497 3024; x_wconf 92' lang='lat' dir='ltr'><strong>p.</strong></span> <span class='ocrx_word' id='word_1_150' title='bbox 518 2955 593 3024; x_wconf 86' lang='grc'><strong>159);</strong></span> <span class='ocrx_word' id='word_1_151' title='bbox 612 2954 661 3009; x_wconf 90' lang='lat' dir='ltr'><strong>sed</strong></span> <span class='ocrx_word' id='word_1_152' title='bbox 679 2971 753 3008; x_wconf 91' lang='lat' dir='ltr'><strong>nunc</strong></span> <span class='ocrx_word' id='word_1_153' title='bbox 770 2954 940 3008; x_wconf 80' lang='lat' dir='ltr'><strong>recentiores</strong></span> <span class='ocrx_word' id='word_1_154' title='bbox 958 2955 1007 3008; x_wconf 89' lang='lat' dir='ltr'><strong>has</strong></span> <span class='ocrx_word' id='word_1_155' title='bbox 1025 2954 1134 3009; x_wconf 84' lang='lat' dir='ltr'><strong>fabulas</strong></span> <span class='ocrx_word' id='word_1_156' title='bbox 1152 2971 1210 3008; x_wconf 85' lang='lat' dir='ltr'><strong>esse</strong></span> <span class='ocrx_word' id='word_1_157' title='bbox 1228 2959 1332 3024; x_wconf 87' lang='lat' dir='ltr'><strong>putem.</strong></span> <span class='ocrx_word' id='word_1_158' title='bbox 1369 2955 1456 3012; x_wconf 82' lang='lat' dir='ltr'><strong>Certe</strong></span> 
     </span>
     <span class='ocr_line' id='line_1_22' title="bbox 274 3040 1458 3114; baseline 0 -20"><span class='ocrx_word' id='word_1_159' title='bbox 274 3041 427 3114; x_wconf 83' lang='lat' dir='ltr'><strong>Aeschines</strong></span> <span class='ocrx_word' id='word_1_160' title='bbox 439 3041 585 3095; x_wconf 84' lang='lat' dir='ltr'><strong>Plutarchi</strong></span> <span class='ocrx_word' id='word_1_161' title='bbox 600 3040 835 3094; x_wconf 83' lang='lat' dir='ltr'><strong>narratiunculam</strong></span> <span class='ocrx_word' id='word_1_162' title='bbox 853 3040 876 3094; x_wconf 90' lang='lat' dir='ltr'><strong>si</strong></span> <span class='ocrx_word' id='word_1_163' title='bbox 887 3041 1016 3107; x_wconf 88' lang='lat' dir='ltr'><strong>novisset,</strong></span> <span class='ocrx_word' id='word_1_164' title='bbox 1034 3041 1082 3095; x_wconf 87' lang='lat' dir='ltr'><strong>vix</strong></span> <span class='ocrx_word' id='word_1_165' title='bbox 1094 3040 1230 3094; x_wconf 85' lang='lat' dir='ltr'><strong>omisisset</strong></span> <span class='ocrx_word' id='word_1_166' title='bbox 1246 3040 1348 3108; x_wconf 85' lang='lat' dir='ltr'><strong>vixque</strong></span> <span class='ocrx_word' id='word_1_167' title='bbox 1360 3041 1458 3110; x_wconf 86' lang='lat' dir='ltr'><strong>potuit</strong></span> 
     </span>
     <span class='ocr_line' id='line_1_23' title="bbox 272 3126 1456 3196; baseline 0 -16"><span class='ocrx_word' id='word_1_168' title='bbox 272 3127 415 3196; x_wconf 80' lang='lat' dir='ltr'><strong>ignorare,</strong></span> <span class='ocrx_word' id='word_1_169' title='bbox 442 3127 465 3180; x_wconf 91' lang='lat' dir='ltr'><strong>si</strong></span> <span class='ocrx_word' id='word_1_170' title='bbox 489 3127 602 3181; x_wconf 86' lang='lat' dir='ltr'><strong>inventa</strong></span> <span class='ocrx_word' id='word_1_171' title='bbox 625 3126 681 3179; x_wconf 88' lang='lat' dir='ltr'><strong>iam</strong></span> <span class='ocrx_word' id='word_1_172' title='bbox 705 3130 790 3195; x_wconf 89' lang='lat' dir='ltr'><strong>esset;</strong></span> <span class='ocrx_word' id='word_1_173' title='bbox 818 3127 945 3195; x_wconf 87' lang='lat' dir='ltr'><strong>querelae</strong></span> <span class='ocrx_word' id='word_1_174' title='bbox 970 3131 1044 3180; x_wconf 89' lang='lat' dir='ltr'><strong>enim</strong></span> <span class='ocrx_word' id='word_1_175' title='bbox 1071 3127 1106 3181; x_wconf 90' lang='lat' dir='ltr'><strong>de</strong></span> <span class='ocrx_word' id='word_1_176' title='bbox 1128 3126 1214 3180; x_wconf 91' lang='lat' dir='ltr'><strong>nimio</strong></span> <span class='ocrx_word' id='word_1_177' title='bbox 1238 3126 1456 3181; x_wconf 80' lang='lat' dir='ltr'><strong>Atheniensium</strong></span> 
     </span>
     <span class='ocr_line' id='line_1_24' title="bbox 274 3212 1457 3281; baseline 0 -15"><span class='ocrx_word' id='word_1_178' title='bbox 274 3212 366 3266; x_wconf 87' lang='lat' dir='ltr'><strong>studio</strong></span> <span class='ocrx_word' id='word_1_179' title='bbox 391 3213 542 3267; x_wconf 85' lang='lat' dir='ltr'><strong>coronandi</strong></span> <span class='ocrx_word' id='word_1_180' title='bbox 566 3216 626 3266; x_wconf 91' lang='lat' dir='ltr'><strong>tum</strong></span> <span class='ocrx_word' id='word_1_181' title='bbox 650 3213 685 3266; x_wconf 95' lang='lat' dir='ltr'><strong>ab</strong></span> <span class='ocrx_word' id='word_1_182' title='bbox 716 3214 872 3268; x_wconf 87' lang='lat' dir='ltr'><strong>oratoribus</strong></span> <span class='ocrx_word' id='word_1_183' title='bbox 902 3214 1052 3268; x_wconf 83' lang='lat' dir='ltr'><strong>declamari</strong></span> <span class='ocrx_word' id='word_1_184' title='bbox 1082 3213 1216 3268; x_wconf 86' lang='lat' dir='ltr'><strong>solebant.</strong></span> <span class='ocrx_word' id='word_1_185' title='bbox 1256 3213 1301 3267; x_wconf 91' lang='lat' dir='ltr'><strong>De</strong></span> <span class='ocrx_word' id='word_1_186' title='bbox 1325 3213 1457 3281; x_wconf 86' lang='lat' dir='ltr'><strong>Sophane</strong></span> 
     </span>
     <span class='ocr_line' id='line_1_25' title="bbox 274 3297 1457 3372; baseline 0.001 -22"><span class='ocrx_word' id='word_1_187' title='bbox 274 3297 417 3369; x_wconf 77' lang='grc' dir='ltr'><strong>(Σωχάρης</strong></span> <span class='ocrx_word' id='word_1_188' title='bbox 439 3299 500 3355; x_wconf 90' lang='lat' dir='ltr'><strong>cod.</strong></span> <span class='ocrx_word' id='word_1_189' title='bbox 520 3299 676 3366; x_wconf 89' lang='lat' dir='ltr'><strong>Plutarch.;</strong></span> <span class='ocrx_word' id='word_1_190' title='bbox 703 3300 752 3354; x_wconf 88' lang='lat' dir='ltr'><strong>sed</strong></span> <span class='ocrx_word' id='word_1_191' title='bbox 775 3301 885 3355; x_wconf 84' lang='lat' dir='ltr'><strong>fabulae</strong></span> <span class='ocrx_word' id='word_1_192' title='bbox 909 3301 949 3355; x_wconf 89' lang='lat' dir='ltr'><strong>sal</strong></span> <span class='ocrx_word' id='word_1_193' title='bbox 972 3301 1061 3372; x_wconf 91' lang='lat' dir='ltr'><strong>perit,</strong></span> <span class='ocrx_word' id='word_1_194' title='bbox 1086 3301 1108 3355; x_wconf 89' lang='lat' dir='ltr'><strong>si</strong></span> <span class='ocrx_word' id='word_1_195' title='bbox 1131 3301 1227 3370; x_wconf 86' lang='lat' dir='ltr'><strong>ignoto</strong></span> <span class='ocrx_word' id='word_1_196' title='bbox 1253 3299 1359 3354; x_wconf 91' lang='lat' dir='ltr'><strong>homini</strong></span> <span class='ocrx_word' id='word_1_197' title='bbox 1382 3299 1457 3352; x_wconf 88' lang='lat' dir='ltr'><strong>illud</strong></span> 
     </span>
     <span class='ocr_line' id='line_1_26' title="bbox 275 3383 1457 3456; baseline 0 -16"><span class='ocrx_word' id='word_1_198' title='bbox 275 3387 382 3440; x_wconf 88' lang='lat' dir='ltr'><strong>dietum</strong></span> <span class='ocrx_word' id='word_1_199' title='bbox 399 3385 562 3456; x_wconf 85' lang='lat' dir='ltr'><strong>tribuimus)</strong></span> <span class='ocrx_word' id='word_1_200' title='bbox 580 3386 636 3442; x_wconf 89' lang='lat' dir='ltr'><strong>vid.</strong></span> <span class='ocrx_word' id='word_1_201' title='bbox 654 3386 761 3442; x_wconf 89' lang='lat' dir='ltr'><strong>Herod.</strong></span> <span class='ocrx_word' id='word_1_202' title='bbox 780 3387 824 3442; x_wconf 91' lang='lat' dir='ltr'><strong>IX</strong></span> <span class='ocrx_word' id='word_1_203' title='bbox 842 3388 883 3442; x_wconf 95' lang='grc'><strong>72.</strong></span> <span class='ocrx_word' id='word_1_204' title='bbox 910 3386 1027 3442; x_wconf 88' lang='lat' dir='ltr'><strong>Pausau.</strong></span> <span class='ocrx_word' id='word_1_205' title='bbox 1045 3386 1062 3442; x_wconf 94' lang='lat' dir='ltr'>I</span> <span class='ocrx_word' id='word_1_206' title='bbox 1078 3389 1120 3444; x_wconf 91' lang='grc'><strong>29.</strong></span> <span class='ocrx_word' id='word_1_207' title='bbox 1139 3388 1164 3442; x_wconf 94' lang='grc'><strong>5.</strong></span> <span class='ocrx_word' id='word_1_208' title='bbox 1199 3385 1333 3453; x_wconf 87' lang='lat' dir='ltr'><strong>Koehler,</strong></span> <span class='ocrx_word' id='word_1_209' title='bbox 1354 3383 1457 3441; x_wconf 60' lang='lat' dir='ltr'><strong>Rima</strong></span> 
     </span>
     <span class='ocr_line' id='line_1_27' title="bbox 275 3473 600 3541; baseline 0.003 -13"><span class='ocrx_word' id='word_1_210' title='bbox 275 3473 349 3528; x_wconf 79' lang='lat' dir='ltr'><strong>Mea</strong></span> <span class='ocrx_word' id='word_1_211' title='bbox 368 3473 403 3527; x_wconf 81' lang='grc'><strong>46</strong></span> <span class='ocrx_word' id='word_1_212' title='bbox 420 3489 447 3541; x_wconf 91' lang='lat' dir='ltr'><strong>p.</strong></span> <span class='ocrx_word' id='word_1_213' title='bbox 465 3474 483 3526; x_wconf 84' lang='lat'>4</span> <span class='ocrx_word' id='word_1_214' title='bbox 500 3475 557 3527; x_wconf 88' lang='lat' dir='ltr'><strong>not.</strong></span> <span class='ocrx_word' id='word_1_215' title='bbox 575 3473 600 3530; x_wconf 88' lang='grc'><strong>2.</strong></span> 
     </span>
     <span class='ocr_line' id='line_1_28' title="bbox 362 3557 578 3628; baseline 0.009 -16"><span class='ocrx_word' id='word_1_216' title='bbox 362 3559 385 3628; x_wconf 88' lang='lat'><strong>¹)</strong></span> <span class='ocrx_word' id='word_1_217' title='bbox 402 3557 486 3612; x_wconf 89' lang='lat' dir='ltr'><strong>Diod.</strong></span> <span class='ocrx_word' id='word_1_218' title='bbox 503 3557 520 3612; x_wconf 95' lang='lat' dir='ltr'>I</span> <span class='ocrx_word' id='word_1_219' title='bbox 539 3560 578 3614; x_wconf 90' lang='grc'><strong>17.</strong></span> 
     </span>
     <span class='ocr_line' id='line_1_29' title="bbox 363 3641 1457 3715; baseline 0 -17"><span class='ocrx_word' id='word_1_220' title='bbox 363 3642 386 3713; x_wconf 73' lang='lat'><strong>⁹)</strong></span> <span class='ocrx_word' id='word_1_221' title='bbox 403 3643 555 3698; x_wconf 85' lang='lat' dir='ltr'><strong>Praeterea</strong></span> <span class='ocrx_word' id='word_1_222' title='bbox 572 3645 656 3700; x_wconf 86' lang='lat' dir='ltr'><strong>semel</strong></span> <span class='ocrx_word' id='word_1_223' title='bbox 675 3661 804 3700; x_wconf 88' lang='lat' dir='ltr'><strong>coronam</strong></span> <span class='ocrx_word' id='word_1_224' title='bbox 821 3644 969 3714; x_wconf 77' lang='lat' dir='ltr'><strong>populeum</strong></span> <span class='ocrx_word' id='word_1_225' title='bbox 990 3646 1139 3715; x_wconf 76' lang='grc' dir='ltr'>(στέφανον</span> <span class='ocrx_word' id='word_1_226' title='bbox 1156 3641 1286 3706; x_wconf 73' lang='lat' dir='ltr'><strong>leonatus,</strong></span> <span class='ocrx_word' id='word_1_227' title='bbox 1304 3663 1320 3700; x_wconf 91' lang='lat' dir='ltr'><strong>a</strong></span> <span class='ocrx_word' id='word_1_228' title='bbox 1338 3645 1457 3715; x_wconf 80' lang='lat' dir='ltr'><strong>collegio</strong></span> 
     </span>
     <span class='ocr_line' id='line_1_30' title="bbox 276 3730 1525 3801; baseline -0.002 -15"><span class='ocrx_word' id='word_1_229' title='bbox 276 3730 465 3786; x_wconf 84' lang='lat' dir='ltr'><strong>Heliastarum</strong></span> <span class='ocrx_word' id='word_1_230' title='bbox 487 3730 613 3801; x_wconf 78' lang='lat' dir='ltr'><strong>dataml)</strong></span> <span class='ocrx_word' id='word_1_231' title='bbox 635 3731 730 3786; x_wconf 88' lang='lat' dir='ltr'><strong>inveni</strong></span> <span class='ocrx_word' id='word_1_232' title='bbox 748 3730 826 3786; x_wconf 83' lang='lat' dir='ltr'><strong>OIG</strong></span> <span class='ocrx_word' id='word_1_233' title='bbox 842 3731 934 3785; x_wconf 82' lang='grc'><strong>25251)</strong></span> <span class='ocrx_word' id='word_1_234' title='bbox 959 3731 1025 3800; x_wconf 91' lang='lat' dir='ltr'><strong>(vol.</strong></span> <span class='ocrx_word' id='word_1_235' title='bbox 1043 3730 1075 3786; x_wconf 88' lang='lat'><strong>11</strong></span> <span class='ocrx_word' id='word_1_236' title='bbox 1099 3749 1126 3801; x_wconf 88' lang='lat' dir='ltr'><strong>p.</strong></span> <span class='ocrx_word' id='word_1_237' title='bbox 1144 3733 1216 3786; x_wconf 77' lang='lat'><strong>3920</strong></span> <span class='ocrx_word' id='word_1_238' title='bbox 1237 3749 1263 3786; x_wconf 84' lang='lat' dir='ltr'><strong>v.</strong></span> <span class='ocrx_word' id='word_1_239' title='bbox 1281 3733 1315 3786; x_wconf 86' lang='grc'><strong>79</strong></span> <span class='ocrx_word' id='word_1_240' title='bbox 1339 3734 1368 3786; x_wconf 89' lang='lat' dir='ltr'><strong>et</strong></span> <span class='ocrx_word' id='word_1_241' title='bbox 1392 3732 1456 3798; x_wconf 85' lang='grc'><strong>118)</strong></span> <span class='ocrx_word' id='word_1_242' title='bbox 1524 3793 1525 3798; x_wconf 13' lang='lat'>¹</span> 
     </span>
     <span class='ocr_line' id='line_1_31' title="bbox 275 3815 1456 3888; baseline 0 -16"><span class='ocrx_word' id='word_1_243' title='bbox 275 3822 320 3873; x_wconf 87' lang='lat' dir='ltr'><strong>ter</strong></span> <span class='ocrx_word' id='word_1_244' title='bbox 343 3834 474 3872; x_wconf 89' lang='lat' dir='ltr'><strong>eoronam</strong></span> <span class='ocrx_word' id='word_1_245' title='bbox 496 3817 610 3872; x_wconf 89' lang='lat' dir='ltr'><strong>floream</strong></span> <span class='ocrx_word' id='word_1_246' title='bbox 628 3820 775 3888; x_wconf 75' lang='grc' dir='ltr'>(στέφανον</span> <span class='ocrx_word' id='word_1_247' title='bbox 798 3815 931 3886; x_wconf 74' lang='grc' dir='ltr'><strong>ἀνθινὸν)</strong></span> <span class='ocrx_word' id='word_1_248' title='bbox 956 3815 1032 3872; x_wconf 77' lang='lat' dir='ltr'><strong>ele</strong></span> <span class='ocrx_word' id='word_1_249' title='bbox 1056 3819 1132 3873; x_wconf 83' lang='grc'><strong>2536.</strong></span> <span class='ocrx_word' id='word_1_250' title='bbox 1168 3817 1285 3872; x_wconf 84' lang='lat' dir='ltr'><strong>BdOH</strong></span> <span class='ocrx_word' id='word_1_251' title='bbox 1305 3816 1332 3872; x_wconf 91' lang='lat' dir='ltr'>V</span> <span class='ocrx_word' id='word_1_252' title='bbox 1349 3834 1376 3886; x_wconf 88' lang='lat' dir='ltr'><strong>p.</strong></span> <span class='ocrx_word' id='word_1_253' title='bbox 1395 3817 1456 3872; x_wconf 83' lang='grc'><strong>626.</strong></span> 
     </span>
     <span class='ocr_line' id='line_1_32' title="bbox 277 3901 1330 3974; baseline -0.002 -16"><span class='ocrx_word' id='word_1_254' title='bbox 277 3903 399 3958; x_wconf 81' lang='lat' dir='ltr'><strong>Foucart</strong></span> <span class='ocrx_word' id='word_1_255' title='bbox 417 3903 466 3958; x_wconf 87' lang='lat' dir='ltr'><strong>des</strong></span> <span class='ocrx_word' id='word_1_256' title='bbox 483 3904 661 3958; x_wconf 82' lang='lat' dir='ltr'><strong>associatione</strong></span> <span class='ocrx_word' id='word_1_257' title='bbox 678 3903 840 3974; x_wconf 80' lang='lat' dir='ltr'><strong>religieuses</strong></span> <span class='ocrx_word' id='word_1_258' title='bbox 858 3902 924 3958; x_wconf 84' lang='lat' dir='ltr'><strong>chez</strong></span> <span class='ocrx_word' id='word_1_259' title='bbox 941 3903 982 3958; x_wconf 89' lang='lat' dir='ltr'><strong>les</strong></span> <span class='ocrx_word' id='word_1_260' title='bbox 1000 3903 1087 3958; x_wconf 79' lang='lat' dir='ltr'><strong>(ireos</strong></span> <span class='ocrx_word' id='word_1_261' title='bbox 1104 3921 1131 3972; x_wconf 91' lang='lat' dir='ltr'><strong>p.</strong></span> <span class='ocrx_word' id='word_1_262' title='bbox 1149 3905 1201 3958; x_wconf 87' lang='grc'><strong>237</strong></span> <span class='ocrx_word' id='word_1_263' title='bbox 1220 3901 1271 3958; x_wconf 85' lang='grc' dir='ltr'><strong>Νο.</strong></span> <span class='ocrx_word' id='word_1_264' title='bbox 1289 3904 1330 3957; x_wconf 78' lang='lat' dir='ltr'><strong>tt.</strong></span> 
     </span>
     <span class='ocr_line' id='line_1_33' title="bbox 364 3987 1457 4061; baseline -0.002 -16"><span class='ocrx_word' id='word_1_265' title='bbox 364 3990 489 4046; x_wconf 84' lang='lat' dir='ltr'><strong>Coronae</strong></span> <span class='ocrx_word' id='word_1_266' title='bbox 506 3991 670 4061; x_wconf 86' lang='lat' dir='ltr'><strong>pampineae</strong></span> <span class='ocrx_word' id='word_1_267' title='bbox 688 3993 717 4046; x_wconf 88' lang='lat' dir='ltr'><strong>et</strong></span> <span class='ocrx_word' id='word_1_268' title='bbox 737 4005 872 4058; x_wconf 88' lang='lat' dir='ltr'><strong>querceae</strong></span> <span class='ocrx_word' id='word_1_269' title='bbox 896 3990 941 4060; x_wconf 86' lang='lat' dir='ltr'><strong>(ex</strong></span> <span class='ocrx_word' id='word_1_270' title='bbox 958 4007 1026 4044; x_wconf 85' lang='lat' dir='ltr'><strong>auro</strong></span> <span class='ocrx_word' id='word_1_271' title='bbox 1044 3989 1143 4059; x_wconf 77' lang='lat' dir='ltr'><strong>tactae)</strong></span> <span class='ocrx_word' id='word_1_272' title='bbox 1161 3989 1289 4059; x_wconf 83' lang='lat' dir='ltr'><strong>Apollini</strong></span> <span class='ocrx_word' id='word_1_273' title='bbox 1306 3987 1390 4042; x_wconf 87' lang='lat' dir='ltr'><strong>Delio</strong></span> <span class='ocrx_word' id='word_1_274' title='bbox 1409 3989 1457 4043; x_wconf 88' lang='lat' dir='ltr'><strong>de·</strong></span> 
     </span>
     <span class='ocr_line' id='line_1_34' title="bbox 259 4075 1456 4146; baseline 0 -16"><span class='ocrx_word' id='word_1_275' title='bbox 259 4075 444 4131; x_wconf 48' lang='lat' dir='ltr'><strong>‘dicabantur</strong></span> <span class='ocrx_word' id='word_1_276' title='bbox 461 4077 496 4132; x_wconf 86' lang='lat' dir='ltr'><strong>cf.</strong></span> <span class='ocrx_word' id='word_1_277' title='bbox 516 4076 625 4132; x_wconf 84' lang='lat' dir='ltr'><strong>BdOH</strong></span> <span class='ocrx_word' id='word_1_278' title='bbox 644 4075 689 4132; x_wconf 94' lang='lat' dir='ltr'><strong>VI</strong></span> <span class='ocrx_word' id='word_1_279' title='bbox 706 4094 734 4146; x_wconf 91' lang='lat' dir='ltr'><strong>p.</strong></span> <span class='ocrx_word' id='word_1_280' title='bbox 751 4077 786 4129; x_wconf 82' lang='lat'><strong>30</strong></span> <span class='ocrx_word' id='word_1_281' title='bbox 803 4093 828 4130; x_wconf 92' lang='lat' dir='ltr'><strong>v.</strong></span> <span class='ocrx_word' id='word_1_282' title='bbox 847 4078 871 4141; x_wconf 92' lang='grc'><strong>7,</strong></span> <span class='ocrx_word' id='word_1_283' title='bbox 889 4093 916 4144; x_wconf 91' lang='lat' dir='ltr'><strong>p.</strong></span> <span class='ocrx_word' id='word_1_284' title='bbox 935 4076 970 4130; x_wconf 79' lang='lat'><strong>40</strong></span> <span class='ocrx_word' id='word_1_285' title='bbox 988 4093 1012 4130; x_wconf 87' lang='lat' dir='ltr'><strong>v.</strong></span> <span class='ocrx_word' id='word_1_286' title='bbox 1033 4077 1091 4143; x_wconf 91' lang='grc'><strong>100,</strong></span> <span class='ocrx_word' id='word_1_287' title='bbox 1112 4075 1141 4130; x_wconf 89' lang='lat' dir='ltr'>X</span> <span class='ocrx_word' id='word_1_288' title='bbox 1158 4093 1186 4145; x_wconf 92' lang='lat' dir='ltr'><strong>p.</strong></span> <span class='ocrx_word' id='word_1_289' title='bbox 1204 4076 1256 4130; x_wconf 84' lang='grc'><strong>465</strong></span> <span class='ocrx_word' id='word_1_290' title='bbox 1273 4093 1299 4129; x_wconf 90' lang='lat' dir='ltr'><strong>v.</strong></span> <span class='ocrx_word' id='word_1_291' title='bbox 1319 4075 1381 4142; x_wconf 83' lang='grc'><strong>119;</strong></span> <span class='ocrx_word' id='word_1_292' title='bbox 1408 4091 1456 4130; x_wconf 88' lang='lat' dir='ltr'><strong>ne·</strong></span> 
     </span>
     <span class='ocr_line' id='line_1_35' title="bbox 279 4160 1457 4232; baseline -0.002 -16"><span class='ocrx_word' id='word_1_293' title='bbox 279 4178 332 4231; x_wconf 86' lang='lat' dir='ltr'><strong>que</strong></span> <span class='ocrx_word' id='word_1_294' title='bbox 350 4165 443 4218; x_wconf 85' lang='lat' dir='ltr'><strong>tamen</strong></span> <span class='ocrx_word' id='word_1_295' title='bbox 467 4166 515 4217; x_wconf 86' lang='lat' dir='ltr'><strong>aut</strong></span> <span class='ocrx_word' id='word_1_296' title='bbox 538 4163 606 4218; x_wconf 89' lang='lat' dir='ltr'><strong>haec</strong></span> <span class='ocrx_word' id='word_1_297' title='bbox 630 4166 678 4218; x_wconf 90' lang='lat' dir='ltr'><strong>aut</strong></span> <span class='ocrx_word' id='word_1_298' title='bbox 695 4179 813 4218; x_wconf 88' lang='lat' dir='ltr'><strong>coronae</strong></span> <span class='ocrx_word' id='word_1_299' title='bbox 831 4179 866 4217; x_wconf 86' lang='lat' dir='ltr'><strong>ex</strong></span> <span class='ocrx_word' id='word_1_300' title='bbox 884 4161 947 4232; x_wconf 89' lang='lat' dir='ltr'><strong>apio</strong></span> <span class='ocrx_word' id='word_1_301' title='bbox 965 4162 1069 4229; x_wconf 85' lang='lat' dir='ltr'><strong>factae,</strong></span> <span class='ocrx_word' id='word_1_302' title='bbox 1094 4178 1165 4230; x_wconf 88' lang='lat' dir='ltr'><strong>quae</strong></span> <span class='ocrx_word' id='word_1_303' title='bbox 1182 4160 1351 4216; x_wconf 84' lang='lat' dir='ltr'><strong>Nemeorum</strong></span> <span class='ocrx_word' id='word_1_304' title='bbox 1368 4160 1457 4216; x_wconf 81' lang='lat' dir='ltr'><strong>victo·</strong></span> 
     </span>
     <span class='ocr_line' id='line_1_36' title="bbox 277 4247 1177 4318; baseline 0 -16"><span class='ocrx_word' id='word_1_305' title='bbox 277 4247 356 4303; x_wconf 89' lang='lat' dir='ltr'><strong>ribus</strong></span> <span class='ocrx_word' id='word_1_306' title='bbox 373 4247 578 4316; x_wconf 87' lang='lat' dir='ltr'><strong>tribuebantur,</strong></span> <span class='ocrx_word' id='word_1_307' title='bbox 595 4265 717 4318; x_wconf 90' lang='lat' dir='ltr'><strong>unquam</strong></span> <span class='ocrx_word' id='word_1_308' title='bbox 735 4247 846 4318; x_wconf 86' lang='lat' dir='ltr'><strong>publice</strong></span> <span class='ocrx_word' id='word_1_309' title='bbox 864 4247 945 4303; x_wconf 84' lang='lat' dir='ltr'><strong>datae</strong></span> <span class='ocrx_word' id='word_1_310' title='bbox 963 4264 1022 4303; x_wconf 85' lang='lat' dir='ltr'><strong>esse</strong></span> <span class='ocrx_word' id='word_1_311' title='bbox 1039 4247 1177 4304; x_wconf 85' lang='lat' dir='ltr'><strong>videntur.</strong></span> 
     </span>
    </p>
   </div>
   <div class='ocr_carea' id='block_1_7' title="bbox 365 4333 646 4403">
    <p class='ocr_par' dir='ltr' id='par_1_7' title="bbox 365 4333 646 4403">
     <span class='ocr_line' id='line_1_37' title="bbox 365 4333 646 4403; baseline 0.004 -16"><span class='ocrx_word' id='word_1_312' title='bbox 365 4333 388 4403; x_wconf 84' lang='lat'><strong>⁸)</strong></span> <span class='ocrx_word' id='word_1_313' title='bbox 407 4333 475 4403; x_wconf 82' lang='lat' dir='ltr'><strong>Syll.</strong></span> <span class='ocrx_word' id='word_1_314' title='bbox 493 4335 544 4389; x_wconf 90' lang='grc'><strong>211</strong></span> <span class='ocrx_word' id='word_1_315' title='bbox 562 4353 587 4391; x_wconf 87' lang='lat' dir='ltr'><strong>v.</strong></span> <span class='ocrx_word' id='word_1_316' title='bbox 605 4337 646 4390; x_wconf 89' lang='grc'><strong>22.</strong></span> 
     </span>
    </p>
   </div>
   <div class='ocr_carea' id='block_1_8' title="bbox 0 0 1586 5128">
    <p class='ocr_par' dir='ltr' id='par_1_8' title="bbox 0 0 1586 5128">
     <span class='ocr_line' id='line_1_38' title="bbox 0 0 1586 5128; baseline 0 0"><span class='ocrx_word' id='word_1_317' title='bbox 0 0 1586 5128; x_wconf 95' lang='lat' dir='ltr'><strong> </strong></span> 
     </span>
    </p>
   </div>
  </div>
 </body>
</html>
