3128 5128
604 400 817 464 ..33-

118 588 176 644 cur
192 570 308 658 legem,
331 589 397 656 qua
418 570 469 638 ius
490 570 653 656 phratrias
675 591 775 658 pagos
797 569 900 638 tribus
922 570 1061 657 eligendi
1081 567 1297 656 coercebatur,

119 688 206 752 circa
223 686 276 756 Ol.
294 688 356 751 115
369 685 561 768 abrogatam
582 705 651 752 esse
669 685 848 750 credamus.
885 683 1024 750 Accedit
1043 685 1130 767 quod
1152 684 1250 750 etiam
1265 685 1299 750 in

119 800 163 864 eis
186 799 334 882 decretis,
359 798 417 864 ubi
437 797 728 864 thesmothetarum
750 796 958 862 docimasiam
984 796 1092 862 subire
1119 796 1202 862 cives
1227 796 1300 860 novi

118 910 288 994 iubentur,
318 909 416 976 verba
443 908 635 996 γράψασθαι
662 931 697 995 φ.
722 933 749 974 κ.
772 908 799 974 d.
829 932 856 973 κ.
881 929 915 993 φ.
942 906 1021 974 κατὰ
1047 907 1101 973 cdv
1127 905 1225 990 νόμον
1253 907 1299 972 in·

119 1022 302 1088 veniuntur.
313 1023 339 1105 1)
383 1020 425 1102 (Ο
445 1021 487 1086 H
507 1025 579 1086 223.
605 1025 678 1086 318.
699 1025 771 1086 530.
798 1019 911 1086 Herm.
934 1017 1066 1088 XXIV
1079 1041 1111 1102 p.
1128 1023 1213 1099 326.)
1251 1017 1302 1082 At

121 1154 194 1196 cum
213 1134 306 1198 initio
320 1131 386 1198 fere
406 1134 526 1199 saeculi
545 1137 620 1198 ante
635 1131 802 1198 Christum
816 1131 903 1196 tertii
920 1131 1126 1198 docimasiam
1144 1151 1203 1214 par
1216 1129 1301 1194 thes-

120 1244 283 1310 mothetas
303 1245 525 1310 instruendam
547 1244 763 1310 Athenienses
785 1244 982 1326 invenerunt,
1005 1242 1085 1324 quid
1105 1242 1196 1308 aliud
1216 1263 1301 1325 spec-

121 1360 207 1421 tasse
226 1377 280 1421 eos
302 1377 419 1440 censes,
449 1357 512 1422 nisi
539 1361 577 1420 ut
605 1357 767 1422 civitatem
788 1354 996 1420 multitudine
1015 1353 1181 1420 hominum
1201 1353 1302 1418 adsci-

121 1471 229 1532 torum
252 1467 412 1552 corrumpi
433 1465 662 1550 prohiberent?
685 1465 780 1548 Quod
801 1467 828 1530 si
844 1486 955 1558 reuera
977 1470 1047 1530 tum
1069 1467 1153 1530 cives
1176 1466 1249 1530 noui
1269 1466 1301 1530 in

123 1598 232 1643 omnes
252 1578 415 1661 phratrias
436 1579 541 1644 tribus
563 1599 663 1661 pagos
684 1578 784 1660 recipi
807 1577 994 1661 potuissent,
1016 1577 1149 1642 hocius
1175 1578 1303 1642 restrin-

123 1711 197 1770 gere
218 1695 290 1754 tum
311 1711 388 1756 sanc
411 1691 465 1754 vix
486 1691 665 1754 omisissent
686 1689 910 1754 Athenienses.
949 1687 1043 1771 Quae
1065 1712 1138 1754 oum
1160 1691 1207 1754 ita
1229 1691 1302 1770 sint,

124 1799 304 1866 Biirmanni
326 1807 358 1866 et
379 1800 548 1867 Wilhelmi
569 1800 727 1866 formulae
753 1801 832 1866 sord
862 1799 918 1864 cdv
939 1801 1036 1884 νόμον
1058 1801 1303 1883 explicationem
1365 1807 1373 1814 ’

125 1911 170 1976 eis
193 1933 277 1994 quae
299 1913 410 1977 attulit
430 1912 576 1976 Dittmar
607 1911 736 1994 infringi
765 1913 939 1978 concedere
968 1933 1032 1976 non
1054 1933 1193 1995 possum.
1239 1911 1304 1976 Sed

124 2023 190 2088 iam
209 2024 377 2090 redeamus
405 2023 448 2088 ad
470 2045 619 2106 coronas;
650 2023 841 2106 relinquitur
869 2024 964 2106 enim,
993 2028 1030 2086 ut
1060 2045 1225 2107 exponam,
1247 2045 1304 2088 our

125 2155 164 2198 ne
186 2135 229 2200 ad
253 2157 291 2200 ea
309 2136 449 2219 quidem,
470 2135 609 2218 quaeda
625 2137 748 2201 coronis
769 2135 931 2218 legitumis
946 2135 1131 2217 disputavit,
1154 2135 1304 2200 accedere

125 2246 253 2327 possim.

212 2356 318 2441 Supra
339 2380 556 2442 exposueram,
583 2381 715 2424 coronas
743 2379 858 2422 aureas
881 2354 947 2423 ἀπὸ
970 2365 1007 2422 Χ
1026 2355 1133 2444 autffi
1155 2359 1305 2442 δραχμῶν

125 2488 228 2551 usque
250 2468 293 2536 ad
312 2491 431 2534 annum
454 2469 592 2537 Coroebi
614 2469 680 2551 (Ol.
705 2473 798 2553 118,3
819 2502 860 2526 =
884 2472 991 2556 30⁰l,),
1020 2472 1095 2536 inde
1116 2472 1158 2536 ab
1181 2493 1217 2536 eo
1240 2471 1305 2536 fere

127 2599 210 2643 anno
237 2601 370 2645 coronas
398 2603 514 2646 aureas
538 2581 617 2646 acroi
646 2582 701 2646 τόν
726 2581 822 2664 νόμον
853 2605 921 2648 1111
950 2584 1060 2666 datas3
1089 2583 1305 2648 Athenienses

126 2691 233 2774 igitur,
254 2698 411 2774 quantum
434 2693 506 2758 auri
527 2694 559 2758 in
582 2715 715 2758 coronas
737 2692 902 2759 iaciendas
918 2695 996 2760 dare
1010 2696 1121 2761 liceret
1142 2701 1212 2759 tum
1235 2695 1305 2777 lege

126 2804 326 2887 praecepisse
346 2811 523 2870 statueram
547 2807 641 2888 eique
664 2807 864 2870 coniecturae
885 2812 923 2870 ut
945 2808 1040 2888 quasi
1059 2807 1306 2872 fundamentum

128 2914 291 2994 quoddam
320 2917 555 3000 substruerem,
588 2917 707 2982 similes
733 2917 819 2999 leges
852 2919 885 2983 in
916 2918 1077 2982 nonnullis
1107 2919 1306 2986 Graecorum

128 3027 311 3092 civitatibus
331 3027 470 3094 valuisse
493 3028 756 3093 demonstrarem.
801 3029 881 3093 Alia
903 3030 955 3093 via
977 3030 1139 3112 ingressus
1162 3031 1307 3095 Dittmar

128 3143 198 3201 tum
222 3139 351 3204 iussisse
371 3141 527 3223 populum
555 3147 592 3205 ut
621 3142 677 3223 qui
699 3143 856 3224 peregrini
879 3143 1038 3224 quaedam
1061 3142 1101 3207 de
1123 3142 1309 3225 republica

128 3251 327 3333 meruissent,
347 3254 471 3317 coronis
491 3254 596 3317 aureis
611 3253 855 3336 decorarentur3
877 3277 943 3337 qua
957 3255 1026 3337 lege
1043 3276 1126 3318 anno
1142 3252 1195 3319 Ol.
1213 3257 1307 3334 1233

128 3392 172 3448 :3
200 3362 282 3448 286]ὅ
318 3362 447 3452 sublata
477 3385 593 3429 nouam
621 3365 725 3448 legem
757 3367 994 3449 promulgatam
1027 3388 1112 3448 esse,
1146 3371 1184 3429 ut
1216 3365 1308 3446 cives,

131 3473 254 3556 ephebi,
266 3475 476 3558 magistratus
484 3477 733 3542 Atheniensium
744 3484 983 3560 coronarentur,
995 3478 1168 3560 perhibuit.
1191 3477 1310 3544 Omnia

130 3705 244 3775 πρώτην
262 3703 402 3772 ἐκκλησίαν
419 3726 554 3778 usurpare
566 3709 716 3763 formulam
728 3710 764 3762 εἰς
776 3708 827 3774 τὴν
840 3709 969 3759 ἐπιοῦσαν
982 3704 1121 3773 ἐκκλησίαν
1133 3708 1312 3775 assueverint,

130 3795 179 3846 aut
190 3794 239 3861 qni
251 3793 359 3847 factum
371 3794 416 3859 sit,
433 3799 466 3848 ut
478 3796 575 3849 eodem
587 3799 713 3864 tempore
725 3795 808 3864 plane
820 3794 946 3848 diversae
959 3794 1064 3848 formae
1076 3796 1311 3864 praescriptorum

131 3877 160 3930 in
171 3895 222 3932 usn
235 3882 336 3933 essent.
371 3880 406 3936 of.
419 3879 526 3946 Bdckh,
539 3881 721 3950 Quaestiones
733 3880 876 3950 epigraph.
885 3912 919 3920 —
931 3881 1052 3936 chronol.
1067 3882 1107 3950 (in
1119 3881 1140 3936 J
1142 3882 1204 3936 ahu.
1222 3882 1313 3938 annal.

131 3964 219 4032 suppl.
247 3963 279 4019 II
306 3966 398 4034 (1856)
425 3985 452 4036 p.
470 3969 592 4036 44-60),
610 3967 713 4020 Hartel
740 3984 767 4035 p.
788 3967 828 4032 15,
853 3965 979 4020 Kochlcr
1004 3967 1128 4021 MdAJ
1155 3967 1184 4022 V
1209 3985 1236 4036 p.
1254 3969 1313 4022 270.

130 4045 219 4102 Recte
245 4049 333 4120 igitur
359 4049 493 4106 Sohaefer
519 4052 654 4106 iudicavit
680 4053 728 4119 (de
754 4051 853 4105 scribis
879 4052 1000 4120 publicis
1025 4053 1122 4122 populi
1146 4057 1312 4120 senatusque

131 4134 346 4190 Atheniensium
364 4137 515 4206 Gryphisv.
535 4141 603 4193 1878
620 4156 648 4208 p.
665 4140 751 4214 2611
769 4141 877 4191 mutato
900 4139 1076 4192 decretorum
1099 4142 1197 4193 tenore
1222 4155 1266 4192 res
1284 4142 1313 4192 et

131 4218 260 4274 instituta
276 4222 390 4290 publica
407 4240 466 4276 esse
484 4227 591 4276 mutata
608 4241 663 4277 non
682 4241 791 4292 semper
809 4224 904 4292 colligi
922 4224 1032 4278 debere.

219 4307 241 4375 ¹)
259 4307 295 4360 cf.
314 4307 465 4374 Biirmann,
485 4309 568 4365 Jahn.
588 4311 678 4366 annal.
697 4310 786 4378 suppl.
806 4308 834 4362 X
847 4311 939 4377 (1879)
957 4327 983 4377 p.
997 4310 1055 4364 346.
1081 4309 1191 4376 Szanto,
1209 4310 1313 4366 Unter·

131 4392 292 4462 suchangsn
309 4393 379 4448 iiber
397 4395 445 4448 das
463 4395 581 4448 attisehe
599 4395 797 4464 Biirgerrecht.
835 4395 937 4448 Hartel
953 4413 981 4464 p.
999 4398 1060 4452 272.

1103 4484 1121 4534 3
