3128 5128
532 373 823 461 '-3-

135 569 264 654 mus31)
288 568 379 634 ouius
394 569 568 635 testimonii
580 569 716 634 alteram
727 572 853 651 partem
864 563 1127 646 Westermannl)
1146 567 1219 632 ideo
1238 566 1317 632 reie-

135 678 189 760 cit,
220 679 308 761 quod
333 681 399 746 iam
421 679 671 746 Themistoclem
702 684 734 744 11
756 679 976 762 Eurybiadem
1006 702 1027 744 a
1052 679 1316 744 Lacedaemoniis

136 811 205 855 esse
223 797 393 856 coronatos
408 789 515 868 ἐλαίας
531 791 689 876 στεφάναι
700 790 922 876 Herodotus³)
944 795 1058 855 auctor
1079 795 1138 872 est,
1160 811 1233 855 cum
1255 789 1316 854 hoc

138 901 242 966 solum
264 903 434 968 verisimile
465 925 534 968 esse
562 908 692 985 putaret
714 923 849 968 coronae
871 903 1024 967 honorem
1046 899 1317 968 ah'Atheniensi·

136 1013 197 1077 bus
219 1034 288 1078 esse
310 1013 493 1094 inventum3
518 1015 612 1096 atqui
641 1014 698 1080 illa
727 1035 762 1080 re
791 1014 974 1097 improbata
1002 1013 1062 1077 hoc
1092 1012 1230 1095 probare
1252 1035 1317 1076 non

136 1126 202 1189 iam
224 1146 404 1209 possumus.
446 1124 610 1190 Herodoti
632 1131 743 1191 autem
765 1148 782 1190 e
804 1125 923 1208 verbis,
954 1145 1017 1207 quo
1040 1146 1079 1188 ex
1101 1119 1245 1206 tempore
1267 1145 1317 1189 co-

136 1236 273 1300 ronandi
297 1257 366 1300 mos
389 1237 558 1318 exstiterit,
577 1237 725 1320 colligere
748 1259 811 1302 non
831 1237 944 1302 debuit
966 1235 1211 1316 Westermann;
1242 1257 1317 1300 nam

137 1369 210 1412 curn
233 1368 424 1412 coronarum
445 1347 583 1412 honores
605 1355 734 1432 postero
757 1353 912 1432 tempore,
936 1368 1000 1430 quo
1021 1367 1078 1430 per
1093 1345 1221 1412 Ionicae
1245 1348 1317 1412 civi-

138 1464 223 1524 tates
245 1460 311 1524 iam
331 1459 512 1541 pervulgati
532 1467 633 1542 erant,
657 1481 677 1524 a
700 1459 966 1525 Lacedaemoniis
987 1457 1103 1522 tributi
1125 1480 1188 1524 non
1207 1459 1279 1540 sint,
1291 1459 1317 1540 ⁴)

138 1569 364 1635 Themistoclis
391 1577 499 1636 aetate
533 1592 605 1635 eum
638 1593 759 1636 morem
789 1569 926 1653 Spartae
955 1569 1054 1635 fuisse
1084 1570 1155 1653 quis
1185 1568 1317 1634 credet?

138 1679 245 1744 lmmo
269 1703 343 1745 vero
363 1681 583 1764 Eurybiadem
606 1688 638 1747 et
661 1681 920 1764 Themistoclem,
942 1681 1133 1746 liberatores
1150 1680 1317 1762 Graeciae,

138 1811 271 1875 prorsus
293 1814 375 1858 novo
398 1799 497 1876 atque
520 1793 635 1857 eximio
663 1794 799 1876 honore,
828 1794 921 1876 quasi
945 1793 1098 1876 Olympia
1120 1793 1278 1874 vicissent,
1291 1793 1318 1878 ⁵)

139 1904 242 1968 cultos
264 1923 333 1968 esse
355 1910 501 1986 apparet.
545 1903 662 1989 Neque
693 1907 778 1971 enim
804 1927 879 1971 raro
910 1905 1031 1970 iactum
1059 1909 1124 1986 est,
1154 1911 1192 1970 ut
1221 1901 1322 1970 duces

138 2016 275 2086 victores
300 2015 420 2080 eisdem
451 2016 643 2098 honoribus,
675 2017 792 2100 quibus
818 2020 955 2082 victores
976 2016 1191 2081 certaminum
1199 2017 1226 2104 ⁶)
1250 2015 1319 2082 affi-

231 2220 253 2288 ¹)
272 2219 401 2274 Valerius
418 2219 558 2274 Maximus
578 2220 949 2290 (ed.Kemprerol.1854)
968 2219 1008 2274 II.
1026 2222 1051 2274 6.
1070 2221 1093 2274 5.
1130 2220 1236 2274 Eadem
1255 2220 1319 2290 (soi-

138 2305 207 2358 licet
225 2305 323 2359 civitas
342 2305 568 2373 Atheniensium)
592 2306 680 2360 bonos
704 2308 777 2362 cives
802 2323 904 2361 corona
928 2307 1079 2360 decorandi
1101 2307 1192 2374 prima
1216 2307 1318 2374 (prImc

139 2392 208 2456 cod,
226 2395 289 2460 post
307 2391 341 2460 O)
361 2392 590 2446 consuetudinem
607 2393 764 2447 introduxit
782 2393 889 2448 duobus
907 2393 984 2447 oleae
1003 2391 1113 2446 conexis
1132 2391 1246 2444 ramulis
1265 2391 1322 2444 cla·.

139 2495 203 2531 rum
220 2476 337 2530 Periclis
356 2478 493 2548 cingendo
512 2481 604 2547 caput.

227 2563 250 2633 ³)
267 2563 301 2616 de
319 2563 440 2632 publicis
457 2565 673 2619 Atheniensium
690 2564 843 2618 honoribus
861 2581 893 2618 ac
910 2563 1040 2634 praemiis
1065 2563 1141 2632 Lips.
1162 2563 1236 2616 1830.
1255 2579 1276 2616 ε.
1293 2580 1319 2618 v.

139 2651 280 2718 στέφανος.

227 2735 250 2802 ⁸)
273 2734 380 2789 Herod.
399 2735 478 2790 VIII
504 2737 553 2790 124
571 2734 698 2804 ἀριστήια
716 2738 768 2799 μίν
787 2756 836 2805 νοτ(
855 2731 953 2786 ἔδοσαν
1061 2730 1212 2801 Εὖριβιᾶδῃ
1235 2730 1321 2798 ἐλαίης

140 2812 285 2888 στέφανον,
310 2823 403 2889 σοφίης
420 2816 449 2871 δὲ
466 2824 510 2871 καὶ
528 2817 676 2886 δεξιότητος
697 2817 872 2887 Θεμιστοκλεῖ
892 2825 936 2871 καὶ
959 2819 1049 2884 τούτῳ
1067 2822 1201 2887 στέφανον
1226 2816 1320 2884 ἐλαίης.

140 2905 175 2962 cf.
194 2905 268 2960 Plut.
287 2903 384 2960 Γ11118111.
402 2905 493 2959 XVII
511 2902 721 2972 Λακεδαιμόνιοι
744 2903 770 2957 d'
782 2908 818 2960 εἰς
834 2905 885 2972 τὴν
905 2905 1035 2972 Σπάρτην
1053 2901 1137 2956 αὐτὸν
1159 2903 1322 2973 κατάγοντες

141 2987 297 3061 Εὐρυβιάδῃ
315 2993 367 3056 μὲν
383 2987 507 3059 ἀνδρείας
524 2992 618 3054 ἐκείνῳ
636 2987 664 3042 δὲ
682 2996 776 3061 σοφίας
793 2989 931 3062 ἀριστεῖον
949 2986 1047 3041 ἔδοσαν
1059 2985 1164 3044 θαλλοῦ
1178 2993 1321 3060 στέφανον,

142 3093 212 3144 quae
231 3093 265 3130 ex
282 3077 422 3131 Herodoti
439 3078 555 3131 historia
572 3077 713 3146 descripta
731 3095 789 3131 esse
806 3079 930 3146 apparet.

227 3163 252 3230 ⁴)
270 3162 306 3218 ci.
324 3162 468 3218 Demosth.
486 3163 568 3232 Lept.
589 3163 639 3217 119
656 3181 682 3232 p.
695 3166 746 3216 489
765 3165 822 3214 ἐκεῖ
837 3163 907 3232 (scil.
920 3161 1048 3232 Spartae)
1065 3163 1117 3228 μὲν
1133 3161 1185 3232 γάρ
1203 3163 1259 3214 ἐστι
1276 3163 1322 3228 τῆς

141 3245 237 3314 α’ρετῆε
253 3241 345 3299 ἆθλον
362 3249 408 3314 τῆς
424 3245 560 3302 πολιτείας
578 3251 689 3320 κυρίῳ)
689 3251 809 3300 ‘euroeae
827 3245 897 3313 μετὰ
915 3248 974 3299 τῶν
990 3246 1102 3313 ὁμοίιον,
1127 3243 1202 3314 παρὰ
1220 3243 1322 3313 δ’ἡιιιν

141 3353 239 3398 ταντηε
261 3335 313 3399 μὲν
336 3335 351 3384 ὁ
370 3331 450 3401 δῆμος
473 3355 589 3400 ιινριοε.
609 3338 789 3405 ..στέφανοι
813 3332 841 3386 ds
864 3338 908 3386 καὶ
931 3330 1049 3386 ἀτέλειαι
1072 3335 1116 3382 καὶ
1140 3332 1253 3398 σιτήσεις
1276 3337 1322 3384 καὶ

140 3417 253 3472 τοιαῦτά
272 3414 385 3470 ἐστιν
364 3441 404 3472 ιον
422 3417 505 3474 dvcta
522 3419 591 3490 ἀνὴρ
609 3417 754 3488 ἀγαθὸς
732 3442 772 3472 ων
789 3440 873 3486 τνχσι,
893 3436 963 3488 quae
974 3419 1059 3472 verba
1068 3433 1100 3470 eo
1114 3417 1279 3471 confirmant
1267 3421 1322 3484 1,111’
1374 3434 1377 3461 ¹

142 3504 216 3572 quod
235 3521 326 3572 neque
344 3522 359 3558 a
378 3506 466 3575 script
455 3506 563 3559 toribus
581 3522 682 3558 corona
699 3522 715 3558 a
733 3505 1017 3560 Lacedaemoniorum
1040 3502 1143 3571 populo
1165 3504 1230 3557 data
1248 3520 1321 3557 com·
1373 3475 1377 3575 1

141 3594 312 3643 memoratur
334 3607 425 3660 neque
449 3592 516 3644 int
504 3591 595 3644 titulis
622 3590 769 3645 Laconicis
796 3592 844 3660 (cf.
870 3589 948 3644 OIG
973 3590 1143 3644 1237-1510
1170 3592 1198 3642 et
1225 3589 1322 3643 titulos
1373 3584 1376 3668 1

141 3674 294 3729 Laconicos
317 3677 391 3745 apud
409 3676 672 3746 Lebns-Waddingt
674 3695 709 3730 on
733 3676 748 3731 I
772 3679 809 3744 2).
846 3676 943 3744 Neque
967 3676 1056 3729 multo
1080 3675 1190 3744 saepius
1207 3675 1322 3743 Delphii
1374 3680 1384 3782 1

141 3761 274 3814 videntur
287 3778 417 3816 coronam
430 3763 550 3828 dedisse;
568 3779 660 3816 name
675 3763 765 3816 titulis
778 3762 1003 3834 Delphicistquos
1015 3761 1123 3828 inspexi
1133 3760 1178 3828 (cl.
1192 3759 1322 3826 Fouoart,

142 3845 326 3915 Inscriptions
339 3848 373 3901 de
386 3848 522 3918 Delphee)
540 3848 609 3901 duos
626 3849 727 3902 afferre
744 3866 865 3916 possum,
884 3848 984 3916 quibus
1001 3848 1037 3901 ab
1056 3846 1126 3900 urbe
1137 3845 1322 3914 Delphiorum

143 3948 246 3986 corona
264 3933 407 3988 confertur
425 3934 446 3988 O
465 3932 567 3987 11550
586 3937 614 3986 et
633 3932 700 4002 Syll.
714 3935 765 3988 211
785 3934 900 4002 (saeculi
918 3933 1033 3986 secundi
1051 3933 1115 3984 ante
1134 3931 1209 4000 Chr.)
1229 3931 1324 4000 (Dori-

143 4034 238 4072 carnm
256 4019 330 4072 enirn
349 4019 495 4073 civitatum
513 4019 599 4072 honos
617 4018 677 4072 fere
695 4036 766 4072 unus
784 4025 959 4073 externorum
978 4019 1020 4071 est
1036 4016 1193 4086 proxenia.)

229 4103 252 4172 ὓ)
272 4103 398 4159 Oleaster
423 4109 455 4159 nt
479 4122 560 4173 saepe
578 4123 594 4157 a
611 4104 734 4158 Pindaro
759 4106 805 4174 (cf.
824 4104 953 4172 Rumpel.
973 4104 1026 4156 lex.
1045 4102 1126 4156 Pind.
1151 4119 1171 4156 s.
1189 4119 1215 4156 v.
1235 4099 1322 4172 ἐλαία)

141 4191 182 4243 111
200 4190 236 4242 ab
255 4189 401 4243 Herodoto
421 4189 498 4244 VIII
516 4193 550 4243 26
569 4205 637 4243 voce
656 4187 730 4240 ἐλαία
749 4189 928 4260 significatur.

228 4277 252 4343 ὕ)
272 4275 308 4328 cf.
326 4275 450 4344 Thucyd.
464 4275 509 4330 IV
522 4277 570 4330 121
587 4271 639 4339 ἰδίᾳ
652 4295 681 4326 τε
700 4275 834 4326 ἐταινίοον
852 4294 882 4325 τε
899 4277 943 4324 καὶ
960 4271 1146 4344 προεὴρχσντο
1164 4270 1251 4342 ’ὥςπερ
1269 4272 1323 4327 εἰθ-

142 4357 208 4426 λητῇ
225 4359 296 4430 (scil.
315 4359 470 4430 Brasidae).
488 4361 563 4414 Plut.
579 4360 681 4416 Pericl.
699 4363 734 4416 28
747 4364 905 4431 αῐγυναικιε
923 4359 1085 4429 (Periclem)
1105 4359 1246 4428 στεφάνοις
1263 4358 1325 4411 dve-

1139 4445 1169 4500 l*
