3128 5128
763 397 955 455 -ρ-

266 584 400 628 munere
421 561 622 646 fungentium
645 564 894 630 sacrosanctitas
916 565 1043 629 coronis
1066 564 1325 648 significabatur,
1350 569 1382 629 et
1406 564 1450 629 ci·

265 695 320 740 ves
339 675 380 740 de
402 695 438 739 re
460 673 591 758 publica
617 673 848 756 benemeriti,
875 676 934 740 viri
964 675 1210 758 magistratibus
1238 676 1450 741 laudabiliter

264 784 383 866 functi,
417 785 559 870 hospites
588 787 747 868 peregrini
779 787 926 851 civitates
956 807 1048 870 reges
1089 789 1146 870 qui
1186 786 1305 871 populo
1343 787 1450 852 Athe·

264 897 423 962 niensium
474 897 645 962 benevolos
691 919 729 962 ac
776 897 856 963 fidos
895 919 929 963 se
969 900 1212 981 praestiterant,
1254 919 1449 963 coronarum

265 1008 442 1073 honoribus
470 1009 684 1074 donabantur.
727 1008 826 1073 Hunc
854 1031 949 1074 usum
979 1011 1063 1074 viros
1092 1011 1133 1074 de
1154 1031 1189 1074 re
1210 1009 1342 1093 publica
1365 1009 1448 1074 bene

265 1120 398 1184 meritos
418 1120 593 1185 coronandi
615 1127 754 1186 tractare
777 1122 855 1186 mihi
878 1127 927 1186 est
946 1123 1164 1206 propositum3
1188 1143 1253 1204 qua
1274 1122 1305 1184 in
1330 1141 1365 1184 re
1385 1119 1449 1185 etsi
1535 1183 1536 1192 ,

265 1227 519 1296 Atheniensium
541 1232 712 1316 praecipue
732 1253 837 1297 mores
860 1233 1030 1316 respiciam
1055 1238 1143 1312 (nam
1166 1236 1199 1296 et
1222 1231 1336 1295 titulos
1359 1230 1449 1295 Atti-

266 1362 319 1407 cos
342 1341 468 1425 plenius
491 1343 689 1407 commodius
720 1343 838 1406 rectius
867 1365 966 1426 quam
993 1365 1101 1409 omnes
1124 1343 1191 1406 fere
1213 1342 1355 1424 reliquos
1377 1364 1448 1407 esse

266 1452 371 1517 editos
397 1459 524 1518 constat
553 1460 585 1518 et
614 1454 654 1517 de
683 1453 802 1516 nullius
831 1454 971 1518 civitatis
1005 1455 1130 1536 legibus
1168 1453 1390 1534 institutisque
1430 1475 1448 1517 e

266 1563 370 1628 titulis
383 1564 491 1646 colligi
511 1570 601 1629 auta
622 1585 730 1627 rerum
754 1563 963 1647 scriptoribus
978 1567 1082 1648 poetis
1099 1565 1283 1629 oratoribus
1299 1565 1448 1647 cognosci

266 1675 362 1757 plura
377 1676 579 1758 certioraque
594 1673 753 1759 possunt),
773 1680 882 1739 tamen
899 1683 1080 1741 ceterorum
1095 1677 1293 1758 Graecorum
1307 1675 1447 1740 honores
1535 1731 1536 1756 ,

266 1807 330 1851 non
352 1787 530 1870 neglegam.
573 1785 706 1850 Infinita
729 1791 838 1849 autern
854 1793 937 1852 esset
959 1789 1072 1870 oratio,
1092 1789 1119 1851 si
1138 1808 1328 1852 coronarum
1350 1786 1447 1850 hono-

266 1917 316 1961 res
340 1897 486 1962 omnibus
516 1919 555 1961 ex
583 1897 731 1980 partibus
762 1897 941 1963 describere
970 1905 1004 1963 et
1024 1899 1190 1964 absolvere
1218 1897 1349 1978 vellem3
1381 1919 1447 1980 qua

266 2008 306 2073 de
327 2030 362 2073 re
385 2010 493 2092 potius
516 2009 609 2091 quasi
631 2009 739 2090 capita
769 2010 929 2090 quaedam
959 2011 1049 2094 elegi.
1093 2011 1240 2076 Primum
1261 2010 1360 2093 igitur
1382 2029 1447 2092 quo
1535 2003 1536 2016 ¹

267 2139 306 2183 ex
325 2123 470 2202 tempore
492 2139 628 2184 coronae
651 2119 779 2202 publice
801 2121 898 2186 datae
917 2121 981 2187 sint
1004 2121 1031 2187 si
1053 2123 1161 2206 placet
1183 2121 1359 2186 videamus.

754 2364 959 2372 ———

843 2545 873 2610 I.

514 2716 568 2782 lle
590 2732 811 2783 coronarum
835 2715 1019 2783 honorum
1042 2716 1199 2798 orlglnc.

355 2885 502 2952 Ooronae
523 2887 676 2951 honorem
696 2887 740 2952 'ab
760 2887 1013 2952 Atheniensibus
1028 2907 1097 2950 esse
1111 2886 1274 2951 inventum
1295 2888 1446 2970 primum-

269 3021 332 3083 que
354 2999 514 3064 Periclem
537 3019 654 3065 corona
677 2998 824 3082 oleagina
845 3004 1034 3064 coronatum
1056 2997 1159 3063 tradit
1175 2995 1329 3065 Valerius
1344 2997 1447 3062 Maxi-

269 3159 474 3172 ...-,—-——

267 3278 316 3314 raa
332 3272 390 3314 ταῖς
407 3261 549 3328 μυρρίναι(
567 3256 716 3325 στέφεσθαι
734 3259 762 3308 et
780 3254 863 3309 schol.
882 3253 966 3308 Laur.
985 3254 1020 3308 ad
1038 3253 1123 3323 Soph.
1142 3252 1211 3307 Oed.
1227 3253 1323 3306 Colon.
1334 3254 1384 3306 681
1404 3252 1446 3308 cd.

267 3345 439 3415 Papageorg.
457 3361 484 3412 p.
502 3343 565 3410 483)
583 3341 702 3395 Athenis
720 3340 923 3394 decorabantur

355 3431 501 3484 archontes
514 3428 646 3498 (Hesych.
659 3428 676 3482 l.
691 3445 713 3481 c.
732 3425 875 3482 Demosth.
894 3426 963 3481 Mid.
981 3426 1015 3498 §§
1032 3427 1145 3481 40-42.
1173 3423 1306 3479 Aeschin.
1318 3423 1390 3478 rim.
1404 3426 1447 3493 19)

355 3520 495 3570 senatores
513 3514 645 3584 (Lycurg.
664 3513 763 3569 Leocr.
783 3515 843 3580 122)

355 3605 497 3672 praetores
515 3600 614 3669 (schol.
632 3598 705 3653 Ven.
723 3599 753 3651 in
771 3597 915 3665 Aristoph.
934 3598 1006 3666 Equ.
1024 3597 1070 3664 59)

355 3689 390 3744 ol.
409 3688 521 3742 omnino
546 3686 691 3741 Hermann
709 3685 752 3738 De
771 3684 901 3740 Graecor.
925 3683 1029 3750 antiqu.
1050 3680 1126 3750 publ.
1145 3681 1161 3732 5
1185 3679 1202 3750 §
1222 3680 1335 3746 124,13.
1360 3680 1444 3734 Wila·

269 3775 380 3830 mowitz
398 3775 433 3828 ad
451 3773 548 3841 Eurip.
566 3771 679 3826 Heracl.
698 3773 757 3826 677.

291 3895 296 3901 -
356 3859 448 3914 Mileti
465 3858 599 3927 Smyrnae
617 3857 674 3912 Iasi
692 3856 813 3924 Mylasea
826 3854 916 3921 Nysae
929 3851 1133 3920 Aphrodisiade
1151 3850 1270 3904 Prienaa
1289 3849 1445 3918 Magnesiae

270 3945 461 4000 Stratonicaea
479 3945 540 3998 aliis
558 3945 587 3998 in
603 3943 712 4014 oppidis
726 3942 809 3996 Asiae
822 3940 1030 4007 insularumque
1041 3937 1233 3990 finitumarum
1246 3935 1445 4004 στεφανηφόρος

269 4047 370 4088 nomen
394 4031 571 4100 magistratus
595 4028 724 4098 eponymi
748 4027 802 4080 fuit
823 4025 859 4079 cl.
878 4023 955 4078 ele
973 4024 1154 4078 2330-2383.
1172 4023 1353 4076 2671-2679.
1371 4021 1444 4074 2715.

269 4117 346 4171 2827.
370 4117 446 4170 2885.
471 4117 548 4169 2856.
572 4117 648 4169 2859.
672 4115 749 4168 2905.
773 4114 849 4166 2927.
872 4112 948 4164 3413.
967 4111 1043 4163 3524.
1063 4113 1116 4161 etc.
1152 4107 1227 4161 Rthl
1245 4106 1343 4162 ludex.
1361 4123 1388 4174 p.
1406 4109 1445 4160 40.

270 4201 338 4270 Syll.
349 4203 390 4256 77.
410 4204 467 4256 170.
488 4203 545 4257 171,
564 4203 623 4256 240.
641 4201 701 4254 814.
720 4197 840 4254 BdOH
861 4199 928 4252 1880
945 4213 972 4264 p.
984 4197 1041 4259 108,
1062 4195 1128 4248 1888
1146 4211 1172 4262 p.
1190 4194 1251 4258 275,
1275 4194 1342 4246 1889
1362 4209 1387 4260 p.
1406 4193 1445 4244 35.

270 4287 398 4342 MdAJ
415 4285 489 4341 XIV
502 4305 528 4356 p.
541 4289 601 4340 317.
631 4285 751 4340 Neriton
768 4283 824 4338 111.
843 4301 863 4338 s.
881 4282 896 4336 1
913 4283 966 4335 408
986 4297 1011 4334 v.
1025 4280 1047 4334 l.
1063 4281 1116 4332 416
1134 4281 1194 4333 v.9.
1212 4277 1305 4332 Lebas
1323 4275 1371 4332 111
1389 4277 1445 4330 811.

270 4371 396 4428 Reinsoh
414 4371 509 4426 Traitt
526 4388 553 4440 p.
570 4373 630 4427 819.
