3128 5128
652 406 838 464 ,7.-

147 573 224 654 quis
251 568 383 656 ἐξέκοψε
411 594 470 654 pro
499 569 598 656 ἔκοψε
627 573 789 656 scripsisse
822 573 1011 640 Diodorum.
1062 573 1113 640 At
1140 576 1198 658 qul
1225 575 1333 658 potuit

147 684 325 750 Demarete
348 705 495 748 nummos
517 684 651 766 cudere,
682 685 744 750 nisi
767 707 807 750 ex
830 707 867 750 eo
889 708 989 766 auro,
1011 686 1099 768 quod
1121 685 1191 770 ipsa
1215 685 1332 752 daret?

147 793 207 858 An
241 794 331 877 regni
360 793 549 877 participem
580 818 650 860 eam
677 796 776 860 fuisse
806 795 996 862 credemus?
1048 797 1121 863 Iam
1149 797 1270 864 Pollux
1299 804 1333 864 et

147 905 332 990 Hesychius
360 927 424 970 nen
454 926 493 969 ex
523 927 602 970 auro
626 905 958 990 Carthaginiensium,
989 909 1044 974 sed
1074 911 1331 976 exornamentis

147 1016 321 1081 mulierum
344 1016 574 1100 siciliensium,
602 1039 686 1100 quae
715 1020 749 1082 in
779 1041 902 1085 summo
933 1021 1058 1104 patriae
1080 1020 1261 1087 discrimine
1283 1044 1331 1088 re·

147 1129 225 1210 gina
257 1136 404 1194 monente
440 1129 609 1196 conflanda
643 1129 817 1211 dederant,
851 1130 925 1195 illos
959 1153 1105 1197 nummos
1132 1153 1201 1196 esse
1228 1109 1331 1200 factos

147 1241 324 1304 memoriae
353 1241 511 1323 produnt;
550 1239 668 1323 quibus
697 1262 756 1305 cur
786 1241 882 1306 fidem
911 1263 974 1306 non
1004 1243 1238 1327 attribuamus,
1267 1267 1330 1312 non

147 1350 254 1414 video.
297 1349 480 1416 Sicilienses
510 1353 626 1436 igitur,
657 1357 694 1417 ut
713 1353 899 1418 memoriam
920 1352 1137 1436 periculorum
1160 1359 1194 1420 et
1215 1378 1331 1440 augus·

147 1463 288 1542 tiarum,
319 1461 350 1525 in
382 1462 499 1544 quibus
529 1465 635 1546 patria
662 1485 721 1528 sua
748 1464 832 1529 bello
855 1464 1172 1548 Carthaginiensium
1201 1475 1331 1536 versata

149 1577 230 1654 erat,
253 1575 495 1656 exstinguerent
510 1574 707 1658 Gelonisque
729 1575 897 1640 victoriam
920 1597 1017 1658 quam
1040 1575 1329 1658 splendidissimam

149 1689 183 1748 et
210 1683 422 1749 clarissimam
458 1687 644 1768 redderent,
688 1688 893 1752 invenerunt:
934 1709 996 1752 non
1037 1689 1154 1752 aerarii
1182 1690 1331 1758 exhausti

149 1815 213 1858 non
242 1796 358 1860 civium
381 1797 547 1864 laboribus
570 1798 786 1863 confectorum
808 1801 964 1866 rationem
987 1799 1140 1864 habuisse
1162 1799 1328 1886 Gelonem,

149 1925 224 1968 cum
244 1927 356 1988 pacem
378 1931 514 1992 aequam
537 1933 611 1976 oum
632 1909 954 1992 Carthaginiensibus
976 1910 1088 1990 iniret,
1109 1910 1165 1974 sed
1187 1913 1330 1980 mulieris

149 2015 315 2084 blanditiis
343 2025 530 2104 corruptum
557 2043 638 2088 esse:
677 2023 916 2104 praemiumque
946 2020 1135 2104 proditionis
1162 2021 1330 2108 Carthagi·

147 2127 273 2193 nienses
294 2133 424 2214 reginae
439 2155 588 2198 coronam
603 2134 776 2198 immanem
792 2139 921 2198 centum
935 2132 1094 2197 talentum
1110 2135 1182 2198 auri
1196 2135 1328 2218 misisse,

148 2260 213 2321 quo
235 2263 273 2306 ex
294 2264 374 2308 auro
400 2267 563 2328 nummos,
596 2245 653 2328 qui
679 2245 879 2310 vocabantur
900 2243 1087 2310 Demaratei
1119 2264 1187 2309 esse
1215 2244 1327 2313 factos.

146 2347 241 2432 Quae
262 2355 432 2436 explicatio
456 2379 493 2422 eo
523 2355 750 2438 confirmatur,
778 2356 864 2438 quod
882 2356 1065 2421 Poenorum
1087 2354 1223 2422 honores
1246 2358 1327 2424 alios

148 2483 219 2527 esse
241 2473 377 2532 constat.
391 2469 417 2554 1)
455 2467 488 2533 A
512 2469 646 2537 Graecis
668 2467 777 2551 igitur,
799 2489 863 2532 non
885 2489 905 2532 a
924 2467 1043 2532 Poenis
1061 2489 1200 2552 nequea
1221 2469 1330 2536 Persis

147 2594 338 2642 coronarum
361 2581 497 2647 honores
519 2580 638 2648 inventi
656 2585 741 2644 sunt.
778 2578 864 2643 Ata
884 2577 1018 2645 Graecis
1032 2579 1098 2643 iam
1117 2584 1193 2644 ante
1207 2580 1326 2648 bellum

147 2685 337 2771 Persarum;
352 2691 533 2758 Miltiadem
546 2694 630 2758 enim
643 2713 796 2758 coronam
809 2691 929 2757 frustra
941 2691 1089 2775 petivisse
1104 2689 1328 2774 Plutarchusl)

148 2808 270 2867 narrat.
307 2801 357 2868 At
375 2805 457 2868 enim
474 2811 618 2890 apparet,
639 2805 720 2869 haec
737 2825 799 2868 non
815 2804 917 2886 magis
934 2825 1002 2868 csse
1022 2825 1106 2885 vera,
1127 2825 1224 2886 quam
1245 2827 1328 2888 quae

147 2913 284 2980 tradidit
305 2915 493 3000 Aeschines,
507 2917 532 2998 ⁸)
555 2917 675 2982 frustra
697 2916 878 2980 Miltiadem
900 2915 1058 2999 petivisse,
1082 2919 1119 2978 ut
1141 2915 1272 2982 tabulae
1294 2919 1327 2981 in

150 3027 287 3108 porticu,
304 3048 386 3109 quae
398 3033 510 3111 postea
527 3028 602 3093 croci
618 3029 744 3115 ποικίλη
763 3027 928 3112 appellata
946 3033 1003 3109 est,
1020 3025 1198 3110 pingendae
1213 3048 1327 3092 nomen

149 3157 243 3200 suum
270 3138 522 3222 adscriberetur;
553 3143 646 3225 quasi
668 3140 816 3206 Miltiade
843 3142 914 3205 vivo
937 3139 993 3204 illa
1012 3137 1142 3204 tabulae
1163 3137 1327 3205 confectae

148 3248 269 3312 essent!
309 3248 459 3316 Sciebant
480 3251 697 3316 Athenienses
719 3251 862 3318 Miltiadi
878 3273 937 3317 neo
959 3272 1110 3316 coronam
1131 3271 1198 3316 esse
1216 3250 1327 3316 datam

148 3379 253 3441 neque
273 3360 339 3426 eius
357 3385 472 3429 nomen
490 3364 523 3428 in
538 3363 650 3429 tabula
666 3369 808 3445 exstare3
828 3363 949 3428 homini
960 3363 985 3449 ⁴)
1000 3363 1100 3446 igitur
1114 3362 1147 3426 in
1160 3361 1327 3429 Philaidas

238 3601 259 3670 ¹)
277 3601 321 3654 De
338 3601 496 3656 Poenorum
513 3603 664 3657 honoribus
682 3602 717 3656 cl.
736 3601 861 3656 Koehler
878 3601 896 3656 l.
914 3601 932 3656 l.

236 3686 260 3756 ⁹)
280 3688 385 3744 Cimon.
404 3707 427 3746 c.
446 3692 463 3744 8
488 3689 582 3754 Τούτῳ
598 3710 628 3758 ys
646 3686 751 3742 θαλλοῦ
770 3690 906 3757 στέφανον
924 3687 1045 3740 αἰτοῦντι
1065 3685 1196 3756 Σωφάνης
1213 3686 1227 3738 ὃ
1246 3687 1328 3738 Δοκε-

144 3770 205 3829 λοί·ι
223 3774 252 3824 ἐκ
269 3777 353 3839 μὲοου
370 3777 416 3841 τῆς
434 3774 569 3836 ἐκκλησίας
586 3771 703 3829 ἀναστὰς
721 3773 848 3826 ἀντεῖπεν
873 3770 921 3825 οὐκ
944 3771 1104 3842 εὐγνώμονα
1120 3775 1173 3839 μὲν
1190 3769 1327 3840 ἀρέσασαν

145 3856 176 3910 δὲ
194 3856 328 3926 τῷδήμῳ
346 3861 439 3930 φωνὴν
455 3859 544 3930 dgsr‘r·
571 3859 653 3913 Ὅταν
669 3858 732 3930 γὰρ,
751 3862 810 3930 ἔφη,
827 3859 911 3926 μόνοι
928 3859 1132 3929 ἀγωνισάμενος
1150 3851 1173 3911 ὦ
1191 3853 1325 3924 Μιλτιάδη

145 3944 254 4011 νικήσῃς
270 3945 334 4001 τούς
350 3947 515 4016 βαρβάρους,
532 3945 596 4000 τότε
613 3951 657 3998 καὶ
674 3948 809 4013 τιμᾶσθαι
825 3946 910 4013 μόνος
928 3943 1012 4005 α’ξίοο.

235 4031 258 4100 ³)
282 4033 405 4102 Ctesiph.
429 4034 445 4103 β
464 4035 514 4088 186
536 4035 578 4088 ed.
599 4032 713 4098 Schnlz,
738 4032 773 4088 cl.
791 4033 909 4099 Brona,
931 4031 1032 4103 priori,
1051 4029 1272 4101 Kiiostlcrgesclr.
1291 4030 1327 4085 11

145 4117 266 4188 (Meter)
290 4136 318 4189 p.
335 4121 369 4172 26
387 4136 426 4187 sq.
445 4121 474 4173 et
492 4119 527 4173 de
544 4118 654 4188 porticu
671 4118 861 4173 Peisiansctee
879 4117 984 4174 Βολεοὶ
1001 4118 1099 4173 Herna
1116 4115 1203 4172 XXV
1220 4134 1247 4185 p.
1266 4117 1327 4170 421.

233 4204 257 4272 ⁴)
274 4203 341 4258 ruit
359 4221 423 4258 cum
441 4204 591 4270 crederem,
610 4221 674 4258 eum
692 4203 775 4258 fnisse
794 4202 1010 4258 Stesimbrotum
1022 4202 1162 4270 Thasium,
1181 4201 1326 4257 Plutarchi

145 4293 177 4346 in
201 4290 266 4344 vitis
291 4290 413 4358 Cimonis
436 4294 465 4345 et
488 4289 605 4346 Periclis
628 4290 804 4361 potissimum
826 4292 983 4354 auctorem,
1011 4288 1089 4343 cuins
1112 4289 1256 4358 proprium
1283 4289 1326 4354 est

145 4377 334 4433 Athenienses
358 4378 438 4448 pegi,
461 4394 517 4431 non
539 4377 627 4446 petris
648 4377 760 4432 nomine
785 4376 895 4432 adiecto
919 4376 1074 4446 producere
1097 4374 1146 4444 (ci.
1168 4372 1325 4442 Holzapset
