3128 5128
650 422 842 483 ..5-

153 612 348 658 coronarum
369 590 507 657 honores
530 591 596 656 iam
618 592 698 656 satis
720 589 903 676 frequentes
924 589 1022 658 fuisse
1044 613 1084 658 ex
1111 591 1222 659 multis
1245 594 1334 661 testi-

153 705 271 770 moniis
282 703 307 785 ¹)
329 706 478 788 apparet.
1311 723 1313 728 ·

241 813 424 880 Titulorum
446 819 565 897 autem,
588 813 645 897 qui
666 813 729 878 huo
751 814 923 897 pertinent,
946 818 984 878 ut
999 836 1084 880 nunc
1099 836 1151 881 res
1168 821 1228 899 est,
1251 815 1333 882 anti·

156 926 333 1009 quissimus
370 933 420 992 est
456 924 516 992 OJ
522 921 594 990 AI
625 927 666 988 59
697 925 785 1004 (anni
813 927 877 990 410
905 947 935 990 a.
963 923 1072 1008 Oba),
1103 947 1168 1010 quo
1197 913 1334 1011 Thrasy-

153 1037 232 1104 bulo
256 1037 383 1103 cuidam
405 1059 523 1102 corona
543 1036 629 1100 mille
652 1035 839 1101 drachmum
854 1042 886 1102 et
901 1038 1012 1102 civitas
1027 1037 1222 1120 decernitur;
1247 1039 1333 1122 quod

153 1151 180 1214 si
203 1151 274 1234 quis
296 1152 437 1232 miretur,
461 1147 624 1214 hominem
646 1153 715 1212 tam
734 1148 846 1213 humili
861 1149 931 1213 loco
952 1153 1064 1214 natum
1076 1149 1103 1235 ⁹)
1124 1148 1224 1244 tantis
1244 1157 1334 1235 prae-

153 1260 226 1326 miis
253 1281 321 1327 esse
340 1259 516 1343 affectum,
545 1258 773 1324 Athenienses*
790 1260 1025 1344 antiquioribus
1053 1261 1250 1346 temporibus
1275 1283 1333 1328 suo

153 1376 225 1438 iure
248 1378 379 1439 externo
407 1372 529 1439 homini
557 1372 658 1437 multo
687 1370 811 1437 facilius
837 1393 935 1454 quarn
962 1371 1022 1437 civi
1044 1371 1180 1439 honores
1201 1371 1333 1440 eximios

153 1483 345 1552 concessisse
375 1487 509 1570 cogitet3
540 1485 623 1550 cives
652 1487 736 1549 enim
764 1483 885 1549 civibus
914 1484 1103 1550 antecellere
1131 1485 1166 1550 in
1184 1485 1344 1570 populari¹

154 1597 287 1663 oivitate
309 1597 423 1684 (quam
443 1595 570 1664 Graeco
593 1597 719 1662 nomine
740 1595 951 1682 δημοκρατίαν
978 1596 1141 1681 appellare
1170 1601 1333 1666 consuevi·

37 1765 40 1768 ,
154 1707 242 1794 mus)
266 1730 331 1774 non
353 1709 455 1774 decet.
495 1708 615 1792 Itaque
633 1729 823 1774 coronarum
841 1707 978 1774 honores
1000 1709 1127 1776 saeculo
1156 1709 1271 1794 quinto
1300 1716 1333 1778 et

153 1820 247 1885 initio
271 1820 379 1905 quarti
396 1818 499 1885 multo
520 1819 646 1904 saepius
655 1819 848 1910 ffieng
866 1819 980 1886 tributi
1000 1821 1117 1904 eunti)

241 1931 306 1998 Sed
337 1932 413 1998 huic
443 1931 583 2016 opinioni
611 1930 826 1997 Athenienses
850 1930 985 1996 Periclis
1012 1937 1121 1999 aetate
1144 1954 1266 2002 morem
1286 1935 1333 2024 in-

152 2046 295 2128 venisse,
324 2051 362 2111 ut
385 2045 446 2111 viri
468 2044 509 2110 de
529 2043 649 2128 populo
672 2043 799 2126 egregie
819 2042 927 2108 meriti
949 2045 1072 2109 coronis
1095 2044 1332 2130 decorarentur,

153 2179 232 2223 sane
253 2157 438 2224 testimonia
453 2155 613 2240 quaedam
629 2153 758 2221 obstare
772 2155 921 2220 videntur
940 2176 1024 2238 quae
1039 2176 1123 2222 nunc
1137 2155 1332 2224 refellamus.

151 2267 207 2334 Ac
240 2268 380 2352 primum
409 2269 539 2354 quidem
567 2267 724 2334 absurdas
753 2266 881 2333 fabulas
911 2267 1077 2350 reicimus,
1103 2289 1124 2333 a
1146 2267 1256 2334 Persis
1274 2275 1332 2336 aut

152 2379 484 2464 Carthaginiensibus,
501 2401 564 2446 non
579 2380 744 2448 aGraecis
760 2401 897 2446 coronae
913 2379 1066 2446 honorem
1077 2381 1243 2448 inventum
1254 2402 1332 2449 esse.

238 2491 426 2559 Herodotus
437 2491 462 2574 ⁴)
498 2493 760 2560 narratiunculae
796 2491 862 2575 illi,
899 2491 1047 2558 Xerxem
1084 2493 1332 2577 gubernatorem

243 2679 266 2748 ¹)
283 2679 420 2736 Andocid.
439 2681 473 2736 de
492 2681 585 2736 reditu
603 2682 666 2753 §18
683 2680 725 2736 ed.
745 2681 811 2737 Tur.
828 2675 891 2732 ἀλλ’
902 2677 975 2747 ὅμως
993 2675 1069 2734 οὗτοι
1087 2683 1286 2752 στεφανοῦνταί
1302 2701 1332 2750 ηε

150 2761 290 2832 ὑφ’ὖμών
307 2768 351 2815 καὶ
369 2762 602 2835 ἀνακηρύττονται
625 2765 662 2821 ais
685 2764 761 2821 ὄντας
783 2763 879 2837 ἄνδρες
901 2765 1006 2836 α’γαθοί
1023 2769 1092 2838 (scil.
1111 2768 1196 2823 duces
1213 2768 1332 2824 Atheni·

152 2848 281 2919 ensium).
316 2849 431 2906 Isocrat.
449 2851 511 2907 adv.
530 2852 688 2908 Callimach.
707 2855 740 2908 61
763 2849 836 2904 ἄνθ’
850 2847 890 2904 ὧν
907 2853 981 2918 ὑμεῖς
999 2853 1169 2924 ἐψηφίσασθε
1188 2853 1258 2920 ἡμᾶς
1275 2874 1332 2907 στο-

152 2935 278 3004 φανῶσαι
294 2940 339 2988 καὶ
355 2937 465 3009 πρόσθε
481 2941 539 2991 τῶν
551 2939 701 3006 ἐπωνύμων
714 2938 838 2991 α’νειττεΐν
850 2938 937 3006 (quod
948 2937 1012 2992 urbi
1024 2955 1040 2991 a
1052 2937 1196 3007 Lysandro
1207 2940 1333 2996 obsessae

152 3022 325 3084 frumentum
340 3025 591 3095 suppeditavisset).
618 3026 700 3080 Diod.
719 3023 797 3079 XIII
816 3026 849 3078 15
866 3022 928 3078 τοὺς
946 3019 972 3074 d'
983 3021 1037 3075 ὑπὸ
1055 3025 1104 3076 τοῦ
1121 3020 1206 3091 δήμου
1224 3045 1332 3096 τετιμη-

151 3109 251 3173 μένους
268 3110 490 3179 προτρεπόμενος
507 3113 578 3181 (scil.
597 3112 692 3166 Nicias
705 3115 769 3166 ante
782 3111 890 3165 cladem
903 3109 1089 3179 Siciliensem)
1107 3109 1196 3170 ἄξιόοτ
1214 3114 1332 3182 φανῆναι

152 3193 211 3244 τῶν
228 3193 369 3263 στεφάνων
387 3197 567 3267 (quamquam
583 3199 649 3252 huic
668 3197 781 3266 quidem
798 3197 958 3251 testimonio
975 3211 1032 3250 non
1049 3195 1090 3250 ita
1105 3197 1226 3252 multum
1238 3203 1332 3254 sucto-

151 3277 244 3332 ritatis
261 3280 372 3336 subesse
390 3283 460 3352 scio,
484 3283 582 3338 Niciae
606 3284 680 3338 enim
698 3283 852 3348 orationem
874 3282 909 3336 ab
929 3299 975 3349 eo,
1000 3299 1082 3351 quem
1100 3284 1247 3353 exscripsit
1264 3285 1331 3340 Dio·

153 3363 245 3428 dorus,
264 3383 322 3422 esse
339 3368 433 3422 fictam
450 3371 586 3440 apparet).
614 3370 687 3423 Plut.
705 3369 798 3424 Alcib.
817 3370 851 3423 33
870 3367 1045 3436 (Alcibiades
1062 3367 1174 3422 domurn
1193 3373 1332 3440 reversus)

152 3451 296 3521 στεφάνοις
316 3453 496 3525 ἐστεφανώθη
514 3467 621 3525 χρυσοῖο
633 3454 805 3524 (Alcibiades
824 3454 853 3508 in
871 3457 967 3508 eadem
979 3454 1108 3508 contione
1126 3471 1182 3508 una
1198 3473 1254 3510 non
1271 3457 1331 3526 plu·

151 3537 230 3591 ribus
248 3539 356 3593 coronis
373 3544 488 3596 ornatus
505 3544 561 3609 est;
579 3540 725 3596 Plutarchi
743 3542 836 3594 autem
853 3556 932 3594 error
949 3539 1016 3594 inde
1031 3543 1111 3595 natus
1124 3557 1183 3595 esse
1194 3541 1330 3611 videatur,

152 3623 228 3690 quod
246 3623 408 3679 Alcibiades
425 3626 480 3679 iam
498 3629 580 3680 antea
597 3626 740 3697 asingulis
753 3626 860 3680 civibus
877 3625 986 3680 coronis
997 3627 1088 3680 aureis
1105 3625 1251 3682 decoratus
1263 3633 1331 3685 erat.

152 3708 188 3763 cf.
215 3709 309 3777 Nepos
335 3710 427 3766 Alcib.
446 3715 477 3780 6,
504 3729 587 3782 quem
613 3713 706 3767 locum
732 3729 814 3781 supra
839 3711 923 3766 attuli
948 3730 976 3782 p.
994 3713 1029 3778 ὅ).
1065 3711 1190 3782 Thucyd.
1208 3711 1253 3771 IV
1272 3716 1330 3772 121.

152 3791 268 3860 δημοσίᾳ
285 3796 377 3864 χρυσῷ
394 3796 522 3867 οτοφοὶνῳ
539 3795 681 3864 ἀνέδησαν.
717 3797 845 3867 Xenoph.
863 3797 975 3853 Hellen.
993 3797 1027 3852 II
1043 3799 1060 3852 3
1078 3797 1131 3869 ξ7.

241 3880 262 3950 ⁹)
281 3880 316 3937 cl.
336 3882 370 3937 de
387 3882 441 3938 hoc
459 3883 572 3939 homine
590 3883 690 3954 Lysiae
707 3883 737 3937 in
755 3883 872 3954 Agorat.
890 3900 930 3938 or.
949 3883 965 3954 ᾖ
983 3884 1025 3938 72.
1054 3881 1210 3957 Kirohhoff,
1228 3883 1331 3941 Philol.

151 3965 231 4022 XIII
247 3984 274 4036 p.
295 3968 308 4022 1
327 3986 367 4037 sq.
1080 3999 1083 4003 ·

89 4115 94 4124 ‚
240 4053 264 4123 ³)
281 4054 516 4124 Antiquissimum
542 4056 698 4120 decretum,
723 4072 777 4125 quo
801 4055 856 4109 civi
873 4054 1041 4110 Atheniensi
1065 4071 1166 4109 corona
1189 4073 1205 4110 a
1227 4057 1331 4126 populo

150 4141 261 4196 tributa
279 4144 322 4196 est
338 4159 413 4196 nunc
432 4142 454 4198 O
472 4141 505 4198 Π
524 4143 582 4210 114,
600 4142 693 4197 medio
711 4142 769 4196 fere
787 4142 897 4196 saeculo
916 4143 1015 4210 quarto
1033 4142 1185 4209 exaratum,
1204 4145 1257 4211 τοῖς
1276 4160 1331 4214 qua

152 4244 187 4282 ex
204 4244 236 4282 re
253 4228 307 4282 hoo
323 4229 391 4283 licet
408 4229 548 4300 colligere,
571 4233 636 4283 ante
654 4227 852 4283 Demosthenis
871 4226 930 4282 fere
947 4230 1074 4300 ternpore
1091 4242 1209 4282 coronas·
1223 4227 1331 4284 civibus

149 4330 216 4368 raro
233 4330 292 4369 esse
309 4314 443 4370 decretas.
1171 4322 1175 4330 ¹
1289 4335 1291 4340 ’

238 4399 263 4470 ⁴)
280 4398 360 4456 VIII
390 4401 447 4456 118.
482 4399 526 4456 De
554 4399 703 4456 Persarum
733 4403 763 4455 et
791 4398 1063 4471 Carthaginiensium
1091 4399 1243 4456 honoribus
1271 4400 1331 4470 egit
