3128 5128
732 421 942 482 „25-

337 592 365 652 1.
386 585 470 669 Epi.
494 586 581 650 aron.
606 589 690 652 rear
711 608 742 668 p.
767 589 828 650 135
838 606 884 666 sq.
906 582 971 663 (01.
994 583 1060 648 fere
1080 565 1307 664 ria-mano

336 703 366 764 2.
389 698 474 781 Eph.
497 697 585 762 arch.
610 701 692 763 1887
712 720 743 780 p.
772 703 791 762 3
823 695 890 781 (01.
915 695 981 762 fere
1004 695 1080 782 140)
1109 695 1252 781 (decreta
1283 695 1429 760 militnm

387 810 443 890 qui
464 809 625 890 Eleusine,
649 809 797 890 Panaeti,
828 807 954 891 Phylae
979 809 1098 874 stativa
1122 805 1310 892 habebant).

333 925 363 986 3.
383 919 411 988 Ο
433 919 553 984 11602
576 920 662 986 circe
684 917 736 986 Ol.
762 923 822 984 127
835 919 862 1004 ²)
884 919 1063 1004 (decretum
1082 917 1327 1001 Mesogeorum).

814 1177 856 1245 V.

247 1349 300 1418 llo
312 1349 494 1418 formulae
512 1349 594 1412 nard
615 1350 672 1412 τὸν
688 1345 786 1425 νόμον
802 1349 842 1418 in
858 1350 1019 1418 decretis
1034 1350 1160 1436 populi
1173 1350 1211 1416 11
1223 1349 1331 1434 atquc
1342 1367 1429 1424 usn.

334 1529 420 1596 Satis
448 1531 513 1594 iam
543 1530 808 1594 demonstravisse
838 1530 916 1593 mihi
939 1529 1085 1610 videbar,
1117 1528 1330 1594 Athenienses
1351 1535 1431 1612 post

189 1635 198 1642 ”
247 1641 652 1706 DemetriumPhalereum
661 1641 830 1723 expulsum
838 1663 974 1706 coronae
986 1642 1125 1724 pretium
1135 1640 1205 1724 lege
1213 1642 1430 1723 restrinxisse,

247 1774 351 1835 neque
373 1752 544 1818 abhorrere
559 1752 729 1817 videbatur
750 1752 830 1816 hacc
847 1754 954 1836 opinio
970 1754 1012 1819 ab
1032 1754 1086 1834 eis,
1109 1773 1192 1834 quae
1210 1751 1251 1816 de
1266 1751 1431 1818 formulae

246 1864 324 1928 κατὰ
354 1864 408 1928 τὸν
437 1865 535 1946 νόμον
563 1866 594 1928 11
616 1869 713 1946 atque
733 1885 794 1927 usu
815 1864 971 1950 11111113)
994 1864 1185 1930 doctissimis
1204 1863 1310 1928 adhuc
1333 1871 1432 1929 erant

246 1977 420 2059 disputata,
443 1998 517 2040 cum
538 1975 695 2040 Dittmari
714 1976 890 2058 Lipsiensis
913 1976 1094 2042 dissertatio
1104 1976 1130 2054 ⁴)
1147 1977 1181 2040 in
1199 1997 1314 2041 manus
1336 1997 1431 2040 meas

245 2090 332 2154 venit
351 2089 443 2154 docte
465 2095 564 2170 atque
583 2087 746 2171 eleganter
765 2089 884 2171 scripta
902 2110 966 2170 qua
985 2089 1039 2153 illc
1054 2087 1273 2152 demonstrare
1290 2094 1431 2154 conatus

334 2330 356 2397 ¹)
375 2328 423 2382 Ad
435 2327 610 2382 Poliorcetes
627 2329 719 2398 potius
738 2346 820 2396 quam
835 2329 870 2382 ad
883 2328 1008 2384 Gonatae
1020 2329 1071 2384 filii
1084 2331 1205 2382 aetatem
1216 2328 1269 2382 hoc
1281 2329 1431 2384 decretum

246 2431 304 2469 esse
327 2413 503 2468 referendum
529 2414 590 2468 iure
608 2414 715 2468 Philios
738 2414 874 2468 iudicasse
898 2415 968 2468 mihi
986 2415 1110 2473 videturr
1135 2430 1225 2482 neque
1250 2415 1324 2484 quod
1346 2433 1372 2470 v.
1391 2417 1429 2469 31

245 2502 402 2552 Διονυσίων
418 2501 475 2552 τῶν
494 2500 523 2549 ἐν
541 2494 615 2551 riores
631 2496 790 2568 τραγωιὸὠν
801 2501 958 2552 amanuensis
971 2500 1059 2570 rr’ysdru
1071 2518 1087 2555 a
1099 2501 1225 2556 formulis
1237 2501 1433 2569 antiquiorum

246 2587 423 2641 decretorum
446 2586 543 2656 populi
567 2585 687 2649 recedit,
711 2586 777 2640 inde
800 2588 934 2656 temporis
960 2587 1096 2642 indicium
1113 2587 1178 2642 elici
1196 2587 1299 2642 debere
1315 2591 1431 2656 putem;

246 2691 310 2728 nam
328 2673 390 2727 fieri
408 2689 473 2726 sane
491 2673 590 2742 potuit,
616 2676 648 2725 ut
674 2673 788 2726 decret-a
810 2674 922 2742 populi,
949 2691 1019 2742 quae
1038 2692 1054 2728 a
1073 2674 1138 2727 viris
1163 2673 1280 2727 eruditis
1298 2672 1431 2728 conficie-

246 2759 356 2823 bantur,
374 2759 479 2812 dlutius
497 2759 643 2827 antiquum
662 2777 741 2812 usum
760 2763 916 2827 servarent;
934 2777 1025 2828 nequa
1044 2760 1177 2813 dissimile
1195 2764 1245 2826 est,
1264 2759 1339 2828 qnod
1354 2777 1431 2828 sym·

246 2845 359 2916 proedri
377 2846 405 2899 in
423 2845 603 2914 praescriptis
626 2844 737 2898 decreti
760 2845 955 2900 clerucborum
973 2846 1049 2900 Sami
1074 2847 1162 2900 multo
1186 2850 1265 2912 ante,
1290 2863 1374 2913 quam
1398 2847 1430 2900 in

246 2931 460 2991 Atheniensium
484 2932 618 2998 decretis,
643 2935 898 2986 commemorantur
922 2931 957 2986 cl.
978 2931 1092 2988 (lartius
1108 2930 1281 2986 InschriIten
1303 2949 1354 2986 zur
1371 2932 1429 2987 Ge-

247 3018 372 3073 schichte
389 3035 444 3072 von
462 3016 565 3071 Samos.

334 3105 486 3172 (Antiquae
504 3107 598 3157 autem
616 3103 782 3172 tragoedias,
801 3103 825 3156 si
842 3121 899 3158 non
916 3104 1002 3172 prius,
1019 3103 1085 3157 inde
1103 3121 1119 3156 a
1135 3103 1228 3157 medio
1245 3104 1304 3158 fere
1316 3105 1429 3158 saeculo

249 3193 350 3257 quarto
377 3189 563 3242 Athenienses
590 3190 681 3243 denuo
713 3190 835 3258 agendas
862 3189 999 3243 curabant
1025 3189 1060 3244 of.
1087 3189 1213 3244 Koehler
1238 3188 1353 3244 iidAJ
1379 3189 1430 3245 III

247 3292 275 3344 p.
301 3277 351 3330 134
375 3273 462 3343 (εο
487 3274 610 3344 11973);
635 3274 807 3329 Oehmichen
831 3275 906 3343 apud
923 3273 1002 3330 Iwau
1026 3274 1153 3341 Mueller,
1177 3274 1328 3330 Grundriss
1353 3275 1388 3338 V,
1411 3279 1428 3330 3

247 3379 275 3430 p.
295 3363 352 3416 193.

335 3447 358 3514 1)
377 3448 412 3502 cf.
426 3447 552 3501 Dumont
569 3449 597 3502 la
614 3447 794 3517 chronologia
812 3447 860 3500 des
873 3447 1021 3500 archontes
1034 3447 1190 3501 Atheniens
1201 3464 1229 3515 p.
1240 3449 1290 3500 las
1301 3445 1427 3500 Koehler

247 3533 282 3587 ad
301 3533 323 3587 (1
340 3532 450 3590 usas.
487 3533 628 3589 011003
651 3534 720 3587 mihi
745 3538 809 3587 ante
835 3551 939 3586 aunum
961 3533 1427 3602 307s6=0l11suaonsecrum

247 3619 371 3686 videtur,
401 3636 491 3688 neque
517 3621 617 3675 absunt
639 3620 769 3690 vestigia,
794 3637 809 3673 e
834 3619 934 3688 quibus
952 3619 1004 3674 hoc
1022 3620 1166 3674 decretum
1184 3619 1324 3688 antiquius
1343 3636 1428 3687 quam

247 3709 299 3762 600
317 3723 376 3760 csse
395 3707 490 3777 colligi
507 3708 602 3776 possit.
633 3707 706 3761 Nam
724 3707 753 3760 in
765 3707 879 3760 decreto
892 3706 914 3760 G
926 3705 958 3760 II
970 3707 1022 3760 603
1035 3706 1114 3760 abest
1126 3709 1155 3760 et
1167 3723 1268 3760 nomen
1276 3711 1428 3774 paternum

248 3793 307 3846 eius
325 3793 372 3860 qui
393 3794 566 3862 rogationem
590 3792 656 3846 tulit
680 3797 708 3846 et
727 3811 829 3858 annus,
854 3809 908 3861 quo
932 3791 1074 3862 Epigenes
1100 3808 1215 3845 munere
1239 3791 1352 3846 functus
1375 3795 1428 3860 est,

247 3895 338 3946 neque
364 3878 471 3943 officia,
499 3895 570 3946 quae
596 3879 700 3933 archon
727 3879 918 3947 praestiterat,
947 3883 1004 3932 tarn
1029 3881 1160 3932 accurate
1183 3875 1429 3945 aequaeuam

248 3967 448 4018 enumerantur
465 3969 494 4019 et
512 3966 633 4020 formula
650 3983 676 4033 q.
695 3983 718 4020 e.
740 3963 874 4018 ἅνειπέτω
886 3963 901 4017 ὁ
915 3963 997 4032 κῆρυξ
1008 3983 1072 4019 curn
1083 3963 1284 4032 antiquissimis
1301 3963 1429 4018 formnhs

248 4051 379 4121 congruit
397 4051 432 4106 cf.
449 4069 476 4120 p.
494 4053 575 4120 40sq.
611 4051 772 4106 Procleides
790 4055 883 4106 autem
902 4051 1076 4107 Ceramensis
1088 4049 1117 4103 in
1135 4049 1225 4104 titulis
1242 4049 1338 4120 paullo
1355 4049 1429 4104 anti-

248 4137 393 4205 quioribus
411 4136 520 4206 saepius
538 4138 680 4193 iuvenitur
697 4138 733 4194 cl.
751 4137 842 4191 Herm
859 4136 963 4192 XXIV
980 4155 1007 4206 p.
1020 4137 1069 4192 140
1086 4153 1125 4205 sq.
1146 4135 1168 4190 C
1187 4134 1219 4190 11
1238 4137 1306 4190 1000
1323 4135 1374 4188 col
1389 4133 1428 4191 V.

334 4223 358 4291 ³)
375 4223 502 4278 Koehler
520 4221 644 4278 MdAJ
668 4223 747 4278 VIII
770 4241 797 4292 p.
816 4225 868 4278 220
886 4227 944 4279 not.
965 4225 987 4276 1.
1025 4222 1168 4276 Biirmann
1191 4221 1294 4276 Annal.
1314 4219 1429 4276 Philol-

247 4309 367 4379 Paedag.
386 4309 483 4378 Suppl.
500 4307 546 4363 IX
563 4327 590 4378 p.
609 4311 668 4363 644.
703 4307 846 4376 Wilhelm,
864 4307 954 4363 Herm
972 4305 1074 4364 XXIV
1092 4324 1119 4376 p.
1137 4309 1190 4362 300
1206 4323 1246 4375 sq.

180 4387 183 4392 ’
331 4395 353 4467 ⁴)
372 4393 451 4450 Stud.
469 4394 547 4466 Lips.
565 4391 643 4450 XIII
659 4411 687 4466 p.
705 4395 740 4449 65
757 4413 798 4464 sq.
