3128 5128
726 925 932 1025 Vita

288 1278 289 1281 ¹
325 1239 433 1306 Natus
456 1261 527 1304 sum
550 1237 687 1304 Oarolus
704 1236 865 1300 Aemilius
883 1234 1067 1302 Guilelmus
1086 1233 1343 1299 Schmitthenner
1366 1233 1421 1298 die

240 1352 304 1420 IV.
328 1353 446 1417 mensis
469 1350 595 1434 Aprilis
617 1371 646 1414 a.
668 1349 701 1412 h.
724 1370 749 1412 1.
773 1351 821 1412 67·
839 1347 873 1410 in
894 1347 963 1410 vieo
985 1345 1201 1426 Nassovieusi,
1225 1346 1276 1410 cui
1302 1367 1421 1412 nomeu

241 1469 289 1527 est
318 1462 484 1546 Wcilbarq,
507 1467 601 1544 patre
623 1460 794 1541 Guilelmo,
824 1465 928 1522 matre
947 1457 1113 1522 Ludovica
1135 1479 1152 1522 1
1173 1463 1271 1539 gente
1295 1457 1418 1540 Schola,

240 1594 320 1656 quos
341 1573 453 1637 ambos
475 1593 543 1636 esse
566 1572 752 1653 superstites
774 1571 909 1653 gaudee.
946 1569 1042 1632 Fidei
1064 1569 1214 1634 addictus
1237 1591 1420 1635 1111111111-

239 1684 368 1766 gelicae.
428 1683 586 1747 Parentes
619 1683 795 1746 admodum
831 1680 966 1765 puerulo
1004 1701 1055 1743 me
1091 1679 1208 1762 Aquas
1243 1681 1420 1747 Mattiacas

239 1795 435 1878 migrarunt,
469 1794 525 1859 ubi
561 1793 735 1877 pueritiam
767 1799 799 1857 et
827 1792 1076 1856 adolescentiam
1106 1791 1172 1854 fere
1201 1797 1304 1857 totam
1332 1793 1419 1876 degi.

237 1903 438 1970 Litterarum
456 1905 619 1970 elementis
636 1906 669 1969 in
691 1905 768 1969 ludo
784 1904 913 1988 publico
931 1925 1004 1968 oum
1019 1902 1128 1968 schola
1148 1903 1229 1968 reali
1248 1905 1419 1969 coniuncto

237 2006 381 2082 imbutus
404 2039 433 2082 a.
454 2017 486 2081 h.
508 2039 532 2081 s.
558 2023 596 2080 77
626 2021 772 2100 receptus
803 2037 873 2080 sum
895 2017 927 2079 iu
951 2021 1075 2079 sextam
1097 2015 1232 2080 classem
1260 2017 1421 2098 gymnasii

106 2147 107 2152 ¹
236 2128 325 2210 regii,
353 2129 440 2210 quod
462 2127 608 2193 Roberto
632 2128 780 2222 Paehler,
803 2127 871 2192 viro
893 2127 1134 2208 humanissimo,
1156 2133 1287 2210 regente
1309 2128 1420 2193 adhuc

235 2237 338 2304 floret.
383 2239 429 2303 st
461 2239 537 2304 huie
571 2246 604 2304 et
637 2240 783 2305 omnibus
813 2239 975 2322 magistris
1008 2238 1182 2320 plurimum
1213 2238 1329 2304 debere
1364 2261 1421 2306 me

234 2350 337 2416 libens
358 2350 521 2434 profiteor.

322 2461 525 2526 Maturitatis
547 2462 729 2526 testimonio
751 2461 928 2527 instructus
945 2484 974 2527 a.
998 2462 1030 2526 h.
1052 2483 1077 2526 s.
1101 2466 1152 2544 86,
1175 2468 1213 2527 ut
1233 2463 1421 2530 litterarum

235 2573 350 2638 studiis
374 2594 534 2654 vacarem,
553 2572 703 2638 Bonnam
725 2593 776 2636 me
798 2573 929 2654 contuli,
958 2572 1015 2638 ubi
1036 2595 1093 2656 per
1115 2595 1236 2638 annum
1267 2583 1417 2642 moratus

234 2682 317 2746 hanc
346 2683 467 2748 almam
499 2683 667 2748 Musarum
699 2683 807 2748 sedem
837 2684 920 2764 adii,
954 2683 1043 2748 ouius
1076 2706 1134 2767 per
1166 2687 1284 2769 septies
1308 2709 1441 2780 senos„

234 2815 357 2860 menses
392 2795 470 2862 civis
503 2794 560 2859 fui.
615 2794 806 2860 Doouerunt
839 2816 890 2859 me
922 2795 983 2859 viri
1015 2796 1207 2861 doctissimi:
1239 2797 1415 2882 Aufrecht,

232 2903 402 2988 Biicheler,
433 2905 575 2987 Ourtius,
605 2905 708 2988 Diels,
735 2905 879 2988 Dilthey,
907 2906 1106 2988 Hirschfeld,
1129 2907 1269 2990 Keuule,
1292 2909 1417 2976 Kirch-

67 3097 70 3104 ,
129 3001 130 3004 ¹
232 3015 309 3099 hoff,
330 3017 484 3099 Koehler,
501 3018 604 3100 Marx,
620 3016 808 3098 Mommsen,
828 3015 957 3099 Nissen,
976 3016 1171 3101 Oldenberg,
1193 3017 1232 3084 Ε.
1253 3017 1415 3106 Schmidt,

232 3125 265 3192 J.
289 3125 445 3210 Schmidt,
475 3129 515 3192 de
537 3127 735 3209 Treitschke,
758 3127 892 3211 Usener,
917 3128 1054 3211 Vahlen,
1077 3130 1262 3213 Weinhold,
1292 3131 1415 3200 Zeller.

232 3237 493 3304 Exercitionibus
516 3240 583 3304 suis
604 3239 740 3321 benigne
761 3261 812 3304 me
829 3240 1026 3305 admiserunt
1047 3243 1265 3324 grammaticis
1281 3243 1413 3310 Usener

10 3383 13 3390 ⁴
115 3349 116 3352 ’
233 3349 279 3435 (in
319 3351 546 3434 proseminario
577 3349 764 3433 Bonnensi),
805 3349 964 3416 historicis
1005 3352 1210 3436 Hirschfeld,
1252 3353 1412 3440 Koehler,

231 3459 419 3544 Mommsen,
442 3461 568 3544 Nissen,
599 3460 811 3544 epigraphicis
833 3460 994 3543 Koehle1·;
1019 3469 1056 3527 ut
1080 3463 1227 3528 societati
1249 3487 1327 3530 suae
1350 3489 1414 3550 per

100 3561 106 3570 ’
230 3577 297 3636 1111
318 3595 417 3637 annos
438 3573 633 3654 interessem,
653 3573 831 3638 liberaliter
853 3574 1008 3638 concessit
1027 3573 1129 3640 Diels.

318 3681 443 3764 Quibus
476 3685 551 3749 viris
582 3685 749 3766 omnibus,
782 3684 953 3769 praecipue
984 3685 1164 3752 Biiohelero
1198 3694 1231 3752 et
1262 3687 1413 3758 Usenero

229 3791 465 3875 Bonnensibus,
494 3793 712 3860 Hirschfeldio
740 3802 772 3861 et
801 3795 965 3861 Koehlero
995 3796 1256 3864 Berolinensibus
1285 3805 1413 3882 gratias

162 3949 168 3964 ,-
228 3925 292 3986 ago
313 3926 353 3970 ex
374 3907 472 3970 animi
494 3907 652 3971 sententia
682 3928 871 3990 semperque
893 3909 1036 3990 habebo;
1066 3909 1159 3974 Diels
1187 3931 1262 3976 vero
1290 3913 1339 3976 ita
1370 3915 1413 3980 do

129 3999 147 4058 ’Ϊ
227 4037 281 4081 me
302 4018 429 4100 meruit,
458 4023 495 4082 ut
522 4019 591 4084 eius
617 4018 845 4084 beneficiorum
873 4022 978 4102 gratia
1006 4043 1046 4085 ne
1074 4023 1246 4104 cogitanda
1276 4025 1412 4104 quidem

138 4194 158 4207 ,Δ
223 4148 381 4212 unquam,
403 4129 522 4196 nedum
544 4129 711 4195 referenda
733 4131 784 4196 sit.

714 4373 919 4384 .....-.-—-—
