3128 5128
481 1393 941 1526 Prolegomena.

661 1616 764 1625 -—-=

209 1747 345 1816 Coronis
375 1749 501 1832 antiqui
528 1749 646 1817 Gracci
682 1751 714 1815 in
749 1751 846 1816 variis
876 1771 915 1816 ac
941 1749 1074 1815 diversis
1105 1750 1202 1816 rebus
1232 1773 1302 1836 per-

122 1861 260 1926 multum
282 1862 467 1944 utebantur,
486 1861 574 1926 velut
596 1861 777 1947 (potissima
799 1863 1023 1927 tantummodo
1047 1868 1191 1946 tangam)
1214 1885 1302 1929 coro-

123 1974 173 2038 nis
195 1975 227 2038 in
250 1974 402 2039 conviviis
424 1973 539 2039 diebus
553 1973 644 2038 festis
659 1974 781 2058 nuptiis
801 1995 935 2058 corpora
952 1974 1120 2056 ornabant,
1133 1975 1158 2055 1)
1177 1975 1302 2040 coronis

123 2087 276 2169 vittisque
301 2088 335 2150 in
366 2085 530 2151 sacrificiis
560 2106 598 2150 ac
627 2085 718 2150 cultu
737 2085 872 2150 deorum
894 2107 926 2150 se
947 2085 1135 2170 hostiasque
1157 2087 1301 2151 redimic-

123 2197 213 2280 bant,
226 2196 252 2282 ὓ)
282 2198 408 2262 coronis
430 2195 544 2261 funera
566 2203 835 2280 monumentaque
864 2202 1067 2262 mortuorum
1096 2195 1263 2279 colebant,
1276 2197 1301 2284 8)

124 2331 258 2375 coronas
281 2309 420 2392 denique
441 2309 474 2373 in
497 2308 725 2404 certaminibus
736 2308 763 2396 4)
794 2315 832 2373 ut
862 2329 987 2373 summa
1009 2310 1152 2393 praemia
1173 2309 1302 2373 virtutis

123 2421 215 2504 pueri
238 2420 459 2486 adolescentes
481 2421 609 2484 iuvenes
632 2441 722 2486 senes
745 2419 893 2484 maximis
917 2420 1174 2484 contentionibus
1192 2441 1302 2505 corpo·

122 2553 195 2595 rum
224 2537 324 2615 atque
355 2532 554 2614 ingeniorum
579 2532 744 2615 petebant.
785 2531 919 2596 Publice
946 2553 1021 2596 vero
1051 2553 1187 2596 coronae
1216 2533 1302 2617 apud

123 2642 267 2709 Graecos
287 2649 320 2708 et
338 2644 493 2727 imprimis
515 2643 602 2727 apud
622 2642 839 2708 Athenienses
855 2642 975 2727 duplici
989 2643 1055 2708 fere
1067 2646 1192 2708 ratione
1212 2667 1303 2710 usur-

122 2754 301 2837 pabantur;
325 2777 400 2819 nam
422 2760 634 2843 ettoratorum
646 2755 673 2841 ⁶)
693 2754 952 2820 concionantium
968 2760 1000 2820 et
1015 2756 1265 2838 magistratuum
1276 2757 1302 2836 6)

214 2992 236 3062 ¹)
254 2965 396 3048 Demosth.
416 2993 450 3048 de
468 2993 528 3048 fals.
546 2993 600 3064 leg.
618 3011 646 3062 p.
664 2995 716 3047 360
733 2992 749 3064 ξ
764 2994 812 3046 141
832 2993 874 3047 ed.
894 2991 981 3046 Oxou.
1000 2991 1146 3046 Hermann
1164 2993 1198 3048 de
1217 2993 1318 3050 Grim-=
1424 2979 1426 2984 ¹

124 3093 221 3130 corum
238 3079 451 3148 antiquitatibus
468 3079 604 3149 privatis³
621 3097 648 3149 p.
660 3081 712 3133 245
731 3082 759 3132 et
776 3081 836 3133 272.
861 3078 980 3148 (Multus
1003 3081 1045 3132 cst
1063 3079 1220 3133 amentibus
1237 3097 1302 3133 usus

124 3177 290 3218 coronarum
309 3165 344 3220 cf.
363 3165 500 3220 Athenae.
519 3164 577 3221 XV
594 3183 621 3234 p.
640 3168 692 3219 669
711 3169 739 3219 et
757 3167 829 3234 670.)

210 3249 234 3319 ⁹)
253 3251 288 3305 cf.
304 3251 447 3320 Aristoph.
464 3251 561 3306 Nubes
579 3251 622 3308 ed.
639 3251 733 3322 Bergk
751 3253 803 3306 255
815 3268 854 3319 sq.
896 3249 1002 3304 Herod.
1021 3267 1076 3304 rec.
1096 3250 1175 3304 Stein
1188 3249 1302 3305 v1197.

123 3333 197 3390 Plut.
216 3335 278 3390 Nic.
291 3339 315 3391 3.
341 3337 485 3406 Aristoph.
498 3336 572 3392 Plut.
585 3338 627 3391 21.
654 3337 817 3392 Olli-1464
834 3355 859 3394 v.
878 3339 894 3390 3
913 3339 941 3389 et
958 3354 983 3391 v.
1003 3337 1043 3390 15.
1077 3336 1219 3390 Demosth.
1233 3335 1314 3391 Min.

123 3421 139 3491 ξ
158 3423 191 3475 65
209 3439 236 3490 p.
254 3422 314 3481 530.
350 3423 504 3490 Hermann,
523 3424 558 3477 de
576 3423 708 3478 Graecor.
727 3423 856 3492 antiquit.
875 3422 959 3477 divin.
979 3422 995 3492 ξ
1013 3423 1055 3488 24,
1073 3423 1098 3476 7.

211 3509 233 3578 θ)
252 3503 397 3578 Aristoph.
410 3509 551 3580 Tagenist.
571 3509 586 3563 Ι
598 3527 622 3562 v.
636 3512 652 3562 6
666 3511 721 3578 (ap.
740 3509 825 3564 Mein.
839 3510 916 3564 Com.
929 3508 1027 3562 Graec.
1040 3507 1083 3562 ed.
1096 3508 1162 3562 min.
1175 3507 1191 3561 Ι
1203 3525 1229 3576 p.
1242 3509 1302 3563 314.

123 3591 206 3646 Kock
223 3592 239 3646 I
256 3596 308 3648 488
325 3613 352 3665 p.
366 3597 430 3664 517)
449 3595 484 3651 cl.
498 3595 776 3660 Wescher·F0uoart,
794 3593 979 3664 Inscriptions
997 3594 1032 3647 de
1044 3593 1168 3662 Delphos
1184 3595 1242 3657 110,
1254 3595 1302 3660 215

124 3679 182 3743 136,
201 3679 217 3732 5
223 3699 230 3746 ;
258 3681 315 3746 142,
334 3683 382 3748 20;
408 3683 468 3748 420,
487 3682 503 3734 5
527 3681 576 3734 ubi
594 3679 771 3734 dominorum
789 3680 916 3749 sepulcre
933 3679 1014 3733 sertis
1032 3679 1179 3747 quotannis
1203 3694 1302 3731 ornere

122 3764 218 3818 liberti
235 3765 375 3820 iubentur.
1266 3807 1268 3812 .

209 3851 231 3920 ⁴)
250 3851 292 3905 Ea
304 3853 457 3906 certamina
474 3852 659 3907 vocabantur:
678 3849 780 3921 ἀγῶνες
798 3849 999 3922 οτεφανηφὸροι
1018 3849 1100 3906 OIG
1119 3851 1194 3906 1285.
1218 3849 1302 3903 Pseu·

125 3935 240 3990 dendoc.
258 3937 288 3989 in
305 3937 368 3992 Alc.
386 3937 419 3991 II
437 3940 478 3994 32.
506 3936 612 3991 Herod.
633 3937 661 3993 V
681 3939 738 3992 102.

210 4026 259 4076 aut
277 4035 435 4092 στεφαντται
453 4023 535 4078 OIG
553 4025 628 4078 1418.
667 4023 788 4077 BdOH
806 4023 855 4077 III
872 4040 899 4091 p.
911 4024 963 4076 426
975 4040 1000 4078 v.
1014 4023 1038 4075 9.
1068 4020 1096 4076 V
1113 4039 1140 4090 p.
1153 4021 1204 4075 305
1222 4038 1247 4075 v.
1261 4022 1302 4076 15.

126 4105 197 4176 Vp.
215 4109 266 4162 375
284 4126 310 4162 ν.
328 4111 352 4163 8.
390 4109 502 4164 leocrat.
522 4096 650 4163 An'tidos.
669 4109 728 4164 301.
765 4107 910 4162 Demosth.
929 4107 1041 4176 Leptin.
1060 4125 1087 4176 p.
1105 4109 1157 4160 500
1174 4106 1190 4176 ᾖ
1210 4105 1267 4160 156.
1311 4176 1317 4190 Ι

211 4193 236 4262 ⁶)
253 4193 398 4264 Aristoph.
417 4195 523 4250 Eccles.
544 4197 601 4251 122.
622 4196 669 4248 161
690 4211 730 4262 sq.
750 4196 807 4248 147.
828 4195 877 4248 163
895 4211 935 4262 iq.
950 4193 1073 4260 ,Thesm
1091 4195 1150 4247 361.
1308 4209 1311 4216 ¹

208 4280 232 4348 ⁰)
251 4279 368 4334 Coronis
393 4280 534 4350 (murteis,
558 4280 615 4334 vid.
632 4279 754 4348 Hesych.
773 4296 792 4334 s.
811 4296 837 4334 v.
862 4279 1017 4350 μυρρινῶν·
1042 4275 1057 4329 ὃ
1081 4273 1160 4343 δηλοῖ
1180 4278 1225 4328 ἐπί
1241 4297 1303 4329 τινα

119 4363 207 4435 ἀρχὴν
224 4365 507 4436 παρασκευαζόμενος·
532 4361 616 4420 οὕτως
634 4361 671 4425 δὲ,
690 4366 787 4425 ἔοικεν,
813 4365 998 4431 ἐσχηματίσθη
1016 4361 1059 4416 διὰ
1076 4361 1109 4416 τὸ
1126 4362 1189 4418 τούς
1206 4361 1303 4434 ἄρχον-

1131 4452 1146 4506 1
