<?xml version="1.0" encoding="UTF-8"?>
<!DOCTYPE html PUBLIC "-//W3C//DTD XHTML 1.0 Transitional//EN"
    "http://www.w3.org/TR/xhtml1/DTD/xhtml1-transitional.dtd">
<html xmlns="http://www.w3.org/1999/xhtml" xml:lang="en" lang="en">
 <head>
  <title>
</title>
<meta http-equiv="Content-Type" content="text/html;charset=utf-8" />
  <meta name='ocr-system' content='tesseract 3.04.00' />
  <meta name='ocr-capabilities' content='ocr_page ocr_carea ocr_par ocr_line ocrx_word'/>
</head>
<body>
  <div class='ocr_page' id='page_1' title='image "./decoronarumapud00schmgoog_0043.png"; bbox 0 0 3128 5128; ppageno 0'>
   <div class='ocr_carea' id='block_1_1' title="bbox 707 408 922 474">
    <p class='ocr_par' dir='ltr' id='par_1_1' title="bbox 707 408 922 474">
     <span class='ocr_line' id='line_1_1' title="bbox 707 408 922 474; baseline 0 -16"><span class='ocrx_word' id='word_1_1' title='bbox 707 408 922 474; x_wconf 76' lang='lat'>-34-</span> 
     </span>
    </p>
   </div>
   <div class='ocr_carea' id='block_1_2' title="bbox 226 571 1417 3457">
    <p class='ocr_par' dir='ltr' id='par_1_2' title="bbox 226 571 1417 3457">
     <span class='ocr_line' id='line_1_2' title="bbox 228 571 1415 667; baseline -0.002 -19"><span class='ocrx_word' id='word_1_2' title='bbox 228 571 328 667; x_wconf 84' lang='lat' dir='ltr'>igitur</span> <span class='ocrx_word' id='word_1_3' title='bbox 349 574 478 647; x_wconf 86' lang='lat' dir='ltr'>decreta</span> <span class='ocrx_word' id='word_1_4' title='bbox 497 578 618 666; x_wconf 88' lang='lat' dir='ltr'>populi,</span> <span class='ocrx_word' id='word_1_5' title='bbox 650 579 766 665; x_wconf 88' lang='lat' dir='ltr'>quibus</span> <span class='ocrx_word' id='word_1_6' title='bbox 795 579 1097 648; x_wconf 73' lang='grc' dir='ltr'>11161ἰεκατάτόν</span> <span class='ocrx_word' id='word_1_7' title='bbox 1125 578 1223 665; x_wconf 80' lang='grc' dir='ltr'><strong><em>νόμον</em></strong></span> <span class='ocrx_word' id='word_1_8' title='bbox 1251 577 1415 667; x_wconf 83' lang='lat' dir='ltr'>peregrini</span> 
     </span>
     <span class='ocr_line' id='line_1_3' title="bbox 228 693 1413 778; baseline -0.001 -19"><span class='ocrx_word' id='word_1_9' title='bbox 228 698 427 778; x_wconf 88' lang='lat' dir='ltr'>ornarentur,</span> <span class='ocrx_word' id='word_1_10' title='bbox 450 694 564 777; x_wconf 80' lang='lat' dir='ltr'>viginti</span> <span class='ocrx_word' id='word_1_11' title='bbox 581 693 645 757; x_wconf 91' lang='lat' dir='ltr'>illis</span> <span class='ocrx_word' id='word_1_12' title='bbox 661 695 753 759; x_wconf 91' lang='lat' dir='ltr'>annis</span> <span class='ocrx_word' id='word_1_13' title='bbox 776 713 844 760; x_wconf 88' lang='lat' dir='ltr'>esse</span> <span class='ocrx_word' id='word_1_14' title='bbox 865 694 1020 760; x_wconf 87' lang='lat' dir='ltr'>confecta.</span> <span class='ocrx_word' id='word_1_15' title='bbox 1062 694 1137 761; x_wconf 85' lang='lat' dir='ltr'>Hoc</span> <span class='ocrx_word' id='word_1_16' title='bbox 1155 696 1252 778; x_wconf 89' lang='lat' dir='ltr'>quale</span> <span class='ocrx_word' id='word_1_17' title='bbox 1273 696 1322 778; x_wconf 88' lang='lat' dir='ltr'>sit,</span> <span class='ocrx_word' id='word_1_18' title='bbox 1346 695 1413 778; x_wconf 90' lang='lat' dir='ltr'>pri-</span> 
     </span>
     <span class='ocr_line' id='line_1_4' title="bbox 227 805 1413 892; baseline 0 -22"><span class='ocrx_word' id='word_1_19' title='bbox 227 829 316 870; x_wconf 93' lang='lat' dir='ltr'>mum</span> <span class='ocrx_word' id='word_1_20' title='bbox 331 805 506 870; x_wconf 85' lang='lat' dir='ltr'>videamus.</span> <span class='ocrx_word' id='word_1_21' title='bbox 541 805 593 868; x_wconf 88' lang='lat' dir='ltr'>Ac</span> <span class='ocrx_word' id='word_1_22' title='bbox 613 805 853 870; x_wconf 88' lang='lat' dir='ltr'>concedendum</span> <span class='ocrx_word' id='word_1_23' title='bbox 875 811 923 872; x_wconf 92' lang='lat' dir='ltr'>est</span> <span class='ocrx_word' id='word_1_24' title='bbox 939 827 979 871; x_wconf 87' lang='lat' dir='ltr'>ex</span> <span class='ocrx_word' id='word_1_25' title='bbox 997 809 1140 892; x_wconf 90' lang='lat' dir='ltr'>ipsorum</span> <span class='ocrx_word' id='word_1_26' title='bbox 1159 807 1305 891; x_wconf 88' lang='lat' dir='ltr'>lapidum</span> <span class='ocrx_word' id='word_1_27' title='bbox 1322 808 1413 871; x_wconf 87' lang='lat' dir='ltr'>testi-</span> 
     </span>
     <span class='ocr_line' id='line_1_5' title="bbox 228 914 1414 1003; baseline 0 -22"><span class='ocrx_word' id='word_1_28' title='bbox 228 918 341 982; x_wconf 83' lang='lat' dir='ltr'>moniis</span> <span class='ocrx_word' id='word_1_29' title='bbox 361 918 577 982; x_wconf 90' lang='lat' dir='ltr'>coniecturam</span> <span class='ocrx_word' id='word_1_30' title='bbox 598 914 701 982; x_wconf 85' lang='lat' dir='ltr'>refelli</span> <span class='ocrx_word' id='word_1_31' title='bbox 722 939 786 981; x_wconf 89' lang='lat' dir='ltr'>non</span> <span class='ocrx_word' id='word_1_32' title='bbox 806 939 908 1002; x_wconf 91' lang='lat' dir='ltr'>posse,</span> <span class='ocrx_word' id='word_1_33' title='bbox 931 919 988 984; x_wconf 89' lang='lat' dir='ltr'>sed</span> <span class='ocrx_word' id='word_1_34' title='bbox 1009 941 1085 984; x_wconf 87' lang='lat' dir='ltr'>cave</span> <span class='ocrx_word' id='word_1_35' title='bbox 1107 925 1278 1003; x_wconf 90' lang='lat' dir='ltr'>propterea</span> <span class='ocrx_word' id='word_1_36' title='bbox 1300 939 1414 982; x_wconf 86' lang='lat' dir='ltr'>veram</span> 
     </span>
     <span class='ocr_line' id='line_1_6' title="bbox 227 1027 1412 1113; baseline -0.002 -19"><span class='ocrx_word' id='word_1_37' title='bbox 227 1050 295 1094; x_wconf 90' lang='lat' dir='ltr'>esse</span> <span class='ocrx_word' id='word_1_38' title='bbox 317 1029 446 1111; x_wconf 81' lang='lat' dir='ltr'>credas3</span> <span class='ocrx_word' id='word_1_39' title='bbox 476 1051 552 1093; x_wconf 90' lang='lat' dir='ltr'>nam</span> <span class='ocrx_word' id='word_1_40' title='bbox 582 1049 654 1092; x_wconf 91' lang='lat' dir='ltr'>cum</span> <span class='ocrx_word' id='word_1_41' title='bbox 677 1029 723 1092; x_wconf 90' lang='lat' dir='ltr'>illi</span> <span class='ocrx_word' id='word_1_42' title='bbox 747 1029 834 1092; x_wconf 88' lang='lat' dir='ltr'>tituli</span> <span class='ocrx_word' id='word_1_43' title='bbox 862 1030 1051 1113; x_wconf 89' lang='lat' dir='ltr'>plerumque</span> <span class='ocrx_word' id='word_1_44' title='bbox 1078 1031 1220 1096; x_wconf 88' lang='lat' dir='ltr'>mutilati</span> <span class='ocrx_word' id='word_1_45' title='bbox 1245 1031 1309 1094; x_wconf 88' lang='lat' dir='ltr'>sint</span> <span class='ocrx_word' id='word_1_46' title='bbox 1330 1027 1412 1094; x_wconf 75' lang='lat' dir='ltr'>aurci</span> 
     </span>
     <span class='ocr_line' id='line_1_7' title="bbox 226 1139 1412 1226; baseline 0.002 -22"><span class='ocrx_word' id='word_1_47' title='bbox 226 1140 279 1205; x_wconf 81' lang='grc' dir='ltr'>τόν</span> <span class='ocrx_word' id='word_1_48' title='bbox 301 1140 398 1224; x_wconf 73' lang='grc' dir='ltr'>νόμον</span> <span class='ocrx_word' id='word_1_49' title='bbox 415 1163 457 1205; x_wconf 92' lang='lat' dir='ltr'>an</span> <span class='ocrx_word' id='word_1_50' title='bbox 477 1139 565 1207; x_wconf 80' lang='grc' dir='ltr'>ἅπό.</span> <span class='ocrx_word' id='word_1_51' title='bbox 588 1141 737 1226; x_wconf 78' lang='grc' dir='ltr'><em>δραχμῶν</em></span> <span class='ocrx_word' id='word_1_52' title='bbox 757 1141 990 1207; x_wconf 89' lang='lat' dir='ltr'>restituendum</span> <span class='ocrx_word' id='word_1_53' title='bbox 1013 1145 1062 1226; x_wconf 89' lang='lat' dir='ltr'>sit,</span> <span class='ocrx_word' id='word_1_54' title='bbox 1084 1164 1168 1225; x_wconf 88' lang='lat' dir='ltr'>quae</span> <span class='ocrx_word' id='word_1_55' title='bbox 1188 1142 1412 1226; x_wconf 84' lang='lat' dir='ltr'>supplementa</span> 
     </span>
     <span class='ocr_line' id='line_1_8' title="bbox 227 1251 1410 1336; baseline 0.003 -21"><span class='ocrx_word' id='word_1_56' title='bbox 227 1253 280 1315; x_wconf 87' lang='lat' dir='ltr'>vix</span> <span class='ocrx_word' id='word_1_57' title='bbox 312 1274 377 1317; x_wconf 85' lang='lat' dir='ltr'>una</span> <span class='ocrx_word' id='word_1_58' title='bbox 407 1252 552 1317; x_wconf 89' lang='lat' dir='ltr'>litterula</span> <span class='ocrx_word' id='word_1_59' title='bbox 584 1251 750 1334; x_wconf 85' lang='lat' dir='ltr'>differunt,</span> <span class='ocrx_word' id='word_1_60' title='bbox 784 1253 945 1316; x_wconf 82' lang='lat' dir='ltr'>rarissime</span> <span class='ocrx_word' id='word_1_61' title='bbox 975 1258 1060 1318; x_wconf 89' lang='lat' dir='ltr'>certo</span> <span class='ocrx_word' id='word_1_62' title='bbox 1091 1253 1262 1317; x_wconf 90' lang='lat' dir='ltr'>diiudicari</span> <span class='ocrx_word' id='word_1_63' title='bbox 1294 1257 1410 1336; x_wconf 89' lang='lat' dir='ltr'>potest.</span> 
     </span>
     <span class='ocr_line' id='line_1_9' title="bbox 228 1361 1413 1448; baseline 0.001 -21"><span class='ocrx_word' id='word_1_64' title='bbox 228 1361 342 1446; x_wconf 83' lang='lat' dir='ltr'>Neque</span> <span class='ocrx_word' id='word_1_65' title='bbox 374 1365 473 1447; x_wconf 85' lang='lat' dir='ltr'>igitur</span> <span class='ocrx_word' id='word_1_66' title='bbox 506 1364 546 1428; x_wconf 92' lang='lat' dir='ltr'>de</span> <span class='ocrx_word' id='word_1_67' title='bbox 579 1363 712 1447; x_wconf 86' lang='lat' dir='ltr'>singulis</span> <span class='ocrx_word' id='word_1_68' title='bbox 741 1364 844 1428; x_wconf 90' lang='lat' dir='ltr'>titulis</span> <span class='ocrx_word' id='word_1_69' title='bbox 874 1365 1060 1448; x_wconf 79' lang='lat' dir='ltr'>supplendis</span> <span class='ocrx_word' id='word_1_70' title='bbox 1089 1366 1216 1447; x_wconf 82' lang='lat' dir='ltr'>copiose</span> <span class='ocrx_word' id='word_1_71' title='bbox 1244 1364 1413 1446; x_wconf 86' lang='lat' dir='ltr'>disputare</span> 
     </span>
     <span class='ocr_line' id='line_1_10' title="bbox 228 1474 1411 1558; baseline 0.001 -21"><span class='ocrx_word' id='word_1_72' title='bbox 228 1495 334 1537; x_wconf 91' lang='lat' dir='ltr'>meum</span> <span class='ocrx_word' id='word_1_73' title='bbox 358 1496 425 1539; x_wconf 91' lang='lat' dir='ltr'>esse</span> <span class='ocrx_word' id='word_1_74' title='bbox 447 1474 542 1557; x_wconf 84' lang='lat' dir='ltr'>duxi,</span> <span class='ocrx_word' id='word_1_75' title='bbox 572 1496 647 1538; x_wconf 91' lang='lat' dir='ltr'>nam</span> <span class='ocrx_word' id='word_1_76' title='bbox 668 1479 706 1538; x_wconf 89' lang='lat' dir='ltr'>ut</span> <span class='ocrx_word' id='word_1_77' title='bbox 728 1474 863 1556; x_wconf 89' lang='lat' dir='ltr'>quisque</span> <span class='ocrx_word' id='word_1_78' title='bbox 886 1475 926 1540; x_wconf 91' lang='lat' dir='ltr'>de</span> <span class='ocrx_word' id='word_1_79' title='bbox 946 1481 1015 1540; x_wconf 88' lang='lat' dir='ltr'>tota</span> <span class='ocrx_word' id='word_1_80' title='bbox 1034 1476 1096 1540; x_wconf 88' lang='lat' dir='ltr'>hac</span> <span class='ocrx_word' id='word_1_81' title='bbox 1118 1477 1305 1558; x_wconf 81' lang='lat' dir='ltr'>quaestione</span> <span class='ocrx_word' id='word_1_82' title='bbox 1326 1475 1411 1539; x_wconf 89' lang='lat' dir='ltr'>iudi-</span> 
     </span>
     <span class='ocr_line' id='line_1_11' title="bbox 228 1585 1412 1670; baseline 0.003 -22"><span class='ocrx_word' id='word_1_83' title='bbox 228 1586 360 1668; x_wconf 75' lang='lat' dir='ltr'><strong>caverit,</strong></span> <span class='ocrx_word' id='word_1_84' title='bbox 392 1587 439 1649; x_wconf 91' lang='lat' dir='ltr'>ita</span> <span class='ocrx_word' id='word_1_85' title='bbox 466 1587 592 1670; x_wconf 87' lang='lat' dir='ltr'>singula</span> <span class='ocrx_word' id='word_1_86' title='bbox 622 1587 782 1668; x_wconf 82' lang='lat' dir='ltr'>restituet3</span> <span class='ocrx_word' id='word_1_87' title='bbox 812 1587 961 1669; x_wconf 82' lang='lat' dir='ltr'>equidem</span> <span class='ocrx_word' id='word_1_88' title='bbox 989 1608 1063 1652; x_wconf 84' lang='lat' dir='ltr'>vero</span> <span class='ocrx_word' id='word_1_89' title='bbox 1094 1587 1172 1670; x_wconf 92' lang='lat' dir='ltr'>quid</span> <span class='ocrx_word' id='word_1_90' title='bbox 1202 1588 1337 1651; x_wconf 84' lang='lat' dir='ltr'>sentiam</span> <span class='ocrx_word' id='word_1_91' title='bbox 1367 1585 1412 1652; x_wconf 90' lang='lat' dir='ltr'>de</span> 
     </span>
     <span class='ocr_line' id='line_1_12' title="bbox 227 1697 1413 1783; baseline 0.003 -24"><span class='ocrx_word' id='word_1_92' title='bbox 227 1697 395 1761; x_wconf 90' lang='lat' dir='ltr'>titulorum</span> <span class='ocrx_word' id='word_1_93' title='bbox 417 1719 543 1781; x_wconf 88' lang='lat' dir='ltr'>eorum,</span> <span class='ocrx_word' id='word_1_94' title='bbox 577 1699 634 1780; x_wconf 92' lang='lat' dir='ltr'>qui</span> <span class='ocrx_word' id='word_1_95' title='bbox 655 1698 718 1763; x_wconf 90' lang='lat' dir='ltr'>huc</span> <span class='ocrx_word' id='word_1_96' title='bbox 740 1700 917 1783; x_wconf 85' lang='lat' dir='ltr'>pertinent,</span> <span class='ocrx_word' id='word_1_97' title='bbox 948 1704 1090 1782; x_wconf 90' lang='lat' dir='ltr'>tempore</span> <span class='ocrx_word' id='word_1_98' title='bbox 1114 1705 1287 1782; x_wconf 80' lang='lat' dir='ltr'>ettonem,</span> <span class='ocrx_word' id='word_1_99' title='bbox 1311 1719 1413 1781; x_wconf 87' lang='lat' dir='ltr'>supra</span> 
     </span>
     <span class='ocr_line' id='line_1_13' title="bbox 228 1807 1407 1892; baseline 0.001 -21"><span class='ocrx_word' id='word_1_100' title='bbox 228 1808 305 1871; x_wconf 90' lang='lat' dir='ltr'>satis</span> <span class='ocrx_word' id='word_1_101' title='bbox 344 1807 519 1891; x_wconf 76' lang='lat' dir='ltr'>explicasse</span> <span class='ocrx_word' id='word_1_102' title='bbox 553 1810 632 1874; x_wconf 92' lang='lat' dir='ltr'>mihi</span> <span class='ocrx_word' id='word_1_103' title='bbox 669 1810 787 1874; x_wconf 82' lang='lat' dir='ltr'>videor.</span> <span class='ocrx_word' id='word_1_104' title='bbox 843 1808 983 1874; x_wconf 79' lang='lat' dir='ltr'>Accedit</span> <span class='ocrx_word' id='word_1_105' title='bbox 1021 1811 1108 1892; x_wconf 91' lang='lat' dir='ltr'>quod</span> <span class='ocrx_word' id='word_1_106' title='bbox 1144 1816 1176 1875; x_wconf 89' lang='lat' dir='ltr'>et</span> <span class='ocrx_word' id='word_1_107' title='bbox 1213 1810 1407 1875; x_wconf 85' lang='lat' dir='ltr'>archontum</span> 
     </span>
     <span class='ocr_line' id='line_1_14' title="bbox 228 1916 1412 2004; baseline 0.001 -21"><span class='ocrx_word' id='word_1_108' title='bbox 228 1916 280 1984; x_wconf 92' lang='lat' dir='ltr'>Ol.</span> <span class='ocrx_word' id='word_1_109' title='bbox 314 1924 375 1984; x_wconf 88' lang='grc'>122</span> <span class='ocrx_word' id='word_1_110' title='bbox 404 1922 616 1986; x_wconf 79' lang='lat' dir='ltr'>recentiorum</span> <span class='ocrx_word' id='word_1_111' title='bbox 646 1923 741 1987; x_wconf 90' lang='lat' dir='ltr'>series</span> <span class='ocrx_word' id='word_1_112' title='bbox 772 1923 877 1987; x_wconf 85' lang='lat' dir='ltr'>adhue</span> <span class='ocrx_word' id='word_1_113' title='bbox 911 1924 1040 1987; x_wconf 89' lang='lat' dir='ltr'>minime</span> <span class='ocrx_word' id='word_1_114' title='bbox 1075 1928 1162 1988; x_wconf 87' lang='lat' dir='ltr'>certa</span> <span class='ocrx_word' id='word_1_115' title='bbox 1195 1927 1292 2004; x_wconf 89' lang='lat' dir='ltr'>atque</span> <span class='ocrx_word' id='word_1_116' title='bbox 1327 1921 1412 1986; x_wconf 88' lang='lat' dir='ltr'>adeo</span> 
     </span>
     <span class='ocr_line' id='line_1_15' title="bbox 228 2033 1414 2118; baseline 0.002 -24"><span class='ocrx_word' id='word_1_117' title='bbox 228 2033 402 2096; x_wconf 84' lang='lat' dir='ltr'>maximam</span> <span class='ocrx_word' id='word_1_118' title='bbox 414 2038 540 2116; x_wconf 88' lang='lat' dir='ltr'>partem</span> <span class='ocrx_word' id='word_1_119' title='bbox 558 2035 728 2118; x_wconf 86' lang='lat' dir='ltr'>incognita,</span> <span class='ocrx_word' id='word_1_120' title='bbox 747 2056 851 2117; x_wconf 90' lang='lat' dir='ltr'>neque</span> <span class='ocrx_word' id='word_1_121' title='bbox 862 2056 1006 2116; x_wconf 89' lang='lat' dir='ltr'>unquam</span> <span class='ocrx_word' id='word_1_122' title='bbox 1022 2033 1088 2098; x_wconf 85' lang='lat' dir='ltr'>fere</span> <span class='ocrx_word' id='word_1_123' title='bbox 1103 2034 1271 2098; x_wconf 91' lang='lat' dir='ltr'>titulorum</span> <span class='ocrx_word' id='word_1_124' title='bbox 1282 2034 1414 2097; x_wconf 91' lang='lat' dir='ltr'>initium</span> 
     </span>
     <span class='ocr_line' id='line_1_16' title="bbox 228 2141 1413 2229; baseline 0.002 -24"><span class='ocrx_word' id='word_1_125' title='bbox 228 2147 286 2206; x_wconf 90' lang='lat' dir='ltr'>aut</span> <span class='ocrx_word' id='word_1_126' title='bbox 314 2142 386 2208; x_wconf 90' lang='lat' dir='ltr'>finis</span> <span class='ocrx_word' id='word_1_127' title='bbox 415 2145 540 2228; x_wconf 83' lang='lat' dir='ltr'>integra</span> <span class='ocrx_word' id='word_1_128' title='bbox 570 2152 653 2210; x_wconf 87' lang='lat' dir='ltr'>sunt.</span> <span class='ocrx_word' id='word_1_129' title='bbox 696 2141 760 2210; x_wconf 84' lang='lat' dir='ltr'>Sed</span> <span class='ocrx_word' id='word_1_130' title='bbox 791 2168 854 2210; x_wconf 94' lang='lat' dir='ltr'>non</span> <span class='ocrx_word' id='word_1_131' title='bbox 877 2168 1007 2229; x_wconf 89' lang='lat' dir='ltr'>prorsus</span> <span class='ocrx_word' id='word_1_132' title='bbox 1035 2145 1235 2209; x_wconf 84' lang='lat' dir='ltr'>documentis</span> <span class='ocrx_word' id='word_1_133' title='bbox 1264 2165 1413 2208; x_wconf 84' lang='lat' dir='ltr'>caremus</span> 
     </span>
     <span class='ocr_line' id='line_1_17' title="bbox 227 2253 1414 2348; baseline 0.003 -32"><span class='ocrx_word' id='word_1_134' title='bbox 227 2253 269 2317; x_wconf 90' lang='lat' dir='ltr'>ad</span> <span class='ocrx_word' id='word_1_135' title='bbox 285 2254 441 2318; x_wconf 88' lang='lat' dir='ltr'>Dittmari</span> <span class='ocrx_word' id='word_1_136' title='bbox 459 2258 674 2321; x_wconf 86' lang='lat' dir='ltr'>coniecturam</span> <span class='ocrx_word' id='word_1_137' title='bbox 688 2257 957 2348; x_wconf 83' lang='lat' dir='ltr'>labefactandam.</span> <span class='ocrx_word' id='word_1_138' title='bbox 991 2257 1141 2322; x_wconf 85' lang='lat' dir='ltr'>Laertius</span> <span class='ocrx_word' id='word_1_139' title='bbox 1154 2259 1237 2322; x_wconf 92' lang='lat' dir='ltr'>enim</span> <span class='ocrx_word' id='word_1_140' title='bbox 1247 2257 1414 2339; x_wconf 83' lang='lat' dir='ltr'>Diogenes</span> 
     </span>
     <span class='ocr_line' id='line_1_18' title="bbox 227 2365 1414 2453; baseline 0.003 -25"><span class='ocrx_word' id='word_1_141' title='bbox 227 2365 260 2428; x_wconf 91' lang='lat' dir='ltr'>in</span> <span class='ocrx_word' id='word_1_142' title='bbox 282 2367 348 2429; x_wconf 84' lang='lat' dir='ltr'>vita</span> <span class='ocrx_word' id='word_1_143' title='bbox 371 2366 509 2433; x_wconf 91' lang='lat' dir='ltr'>Zenonis</span> <span class='ocrx_word' id='word_1_144' title='bbox 521 2370 545 2448; x_wconf 89' lang='lat'>¹)</span> <span class='ocrx_word' id='word_1_145' title='bbox 574 2369 737 2433; x_wconf 89' lang='lat' dir='ltr'>decretum</span> <span class='ocrx_word' id='word_1_146' title='bbox 764 2369 876 2453; x_wconf 93' lang='lat' dir='ltr'>populi</span> <span class='ocrx_word' id='word_1_147' title='bbox 897 2369 1144 2434; x_wconf 86' lang='lat' dir='ltr'>Atheniensium</span> <span class='ocrx_word' id='word_1_148' title='bbox 1166 2369 1311 2450; x_wconf 89' lang='lat' dir='ltr'>tradidit,</span> <span class='ocrx_word' id='word_1_149' title='bbox 1342 2389 1414 2449; x_wconf 91' lang='lat' dir='ltr'>quo</span> 
     </span>
     <span class='ocr_line' id='line_1_19' title="bbox 228 2478 1415 2564; baseline 0 -23"><span class='ocrx_word' id='word_1_150' title='bbox 228 2479 374 2543; x_wconf 87' lang='lat' dir='ltr'>conditor</span> <span class='ocrx_word' id='word_1_151' title='bbox 404 2478 531 2544; x_wconf 84' lang='lat' dir='ltr'>Stoicae</span> <span class='ocrx_word' id='word_1_152' title='bbox 564 2479 751 2562; x_wconf 91' lang='lat' dir='ltr'>disciplinae</span> <span class='ocrx_word' id='word_1_153' title='bbox 781 2488 927 2547; x_wconf 88' lang='lat' dir='ltr'>mortuus</span> <span class='ocrx_word' id='word_1_154' title='bbox 960 2503 980 2545; x_wconf 91' lang='lat' dir='ltr'>a</span> <span class='ocrx_word' id='word_1_155' title='bbox 1008 2480 1127 2564; x_wconf 91' lang='lat' dir='ltr'>populo</span> <span class='ocrx_word' id='word_1_156' title='bbox 1160 2479 1415 2544; x_wconf 86' lang='lat' dir='ltr'>Atheniensium</span> 
     </span>
     <span class='ocr_line' id='line_1_20' title="bbox 228 2589 1414 2675; baseline 0 -23"><span class='ocrx_word' id='word_1_157' title='bbox 228 2610 345 2654; x_wconf 88' lang='lat' dir='ltr'>corona</span> <span class='ocrx_word' id='word_1_158' title='bbox 367 2612 466 2654; x_wconf 90' lang='lat' dir='ltr'>aurea</span> <span class='ocrx_word' id='word_1_159' title='bbox 485 2590 563 2654; x_wconf 75' lang='grc' dir='ltr'>111τὰ</span> <span class='ocrx_word' id='word_1_160' title='bbox 584 2589 640 2656; x_wconf 75' lang='lat' dir='ltr'>niv</span> <span class='ocrx_word' id='word_1_161' title='bbox 662 2591 759 2674; x_wconf 84' lang='grc' dir='ltr'><strong><em>νόμον</em></strong></span> <span class='ocrx_word' id='word_1_162' title='bbox 782 2597 813 2656; x_wconf 91' lang='lat' dir='ltr'>et</span> <span class='ocrx_word' id='word_1_163' title='bbox 835 2593 963 2675; x_wconf 92' lang='lat' dir='ltr'>publico</span> <span class='ocrx_word' id='word_1_164' title='bbox 985 2591 1156 2674; x_wconf 89' lang='lat' dir='ltr'>sepulchro</span> <span class='ocrx_word' id='word_1_165' title='bbox 1180 2590 1318 2656; x_wconf 87' lang='lat' dir='ltr'>donatus</span> <span class='ocrx_word' id='word_1_166' title='bbox 1341 2595 1414 2671; x_wconf 86' lang='lat' dir='ltr'>est;</span> 
     </span>
     <span class='ocr_line' id='line_1_21' title="bbox 227 2701 1417 2788; baseline 0 -23"><span class='ocrx_word' id='word_1_167' title='bbox 227 2701 372 2766; x_wconf 83' lang='lat' dir='ltr'>videmus</span> <span class='ocrx_word' id='word_1_168' title='bbox 394 2703 493 2784; x_wconf 83' lang='lat' dir='ltr'>igitur</span> <span class='ocrx_word' id='word_1_169' title='bbox 512 2701 696 2768; x_wconf 90' lang='lat' dir='ltr'>Arrhenide</span> <span class='ocrx_word' id='word_1_170' title='bbox 719 2703 871 2767; x_wconf 87' lang='lat' dir='ltr'>archonte</span> <span class='ocrx_word' id='word_1_171' title='bbox 894 2701 962 2788; x_wconf 88' lang='lat' dir='ltr'>(Ol.</span> <span class='ocrx_word' id='word_1_172' title='bbox 976 2707 1038 2768; x_wconf 89' lang='grc'>129</span> <span class='ocrx_word' id='word_1_173' title='bbox 1061 2702 1142 2786; x_wconf 84' lang='grc'>1616)</span> <span class='ocrx_word' id='word_1_174' title='bbox 1164 2703 1330 2786; x_wconf 84' lang='lat' dir='ltr'>peregrino</span> <span class='ocrx_word' id='word_1_175' title='bbox 1353 2701 1417 2766; x_wconf 91' lang='lat' dir='ltr'>ho-</span> 
     </span>
     <span class='ocr_line' id='line_1_22' title="bbox 227 2812 1414 2897; baseline -0.001 -20"><span class='ocrx_word' id='word_1_176' title='bbox 227 2814 305 2878; x_wconf 94' lang='lat' dir='ltr'>mini</span> <span class='ocrx_word' id='word_1_177' title='bbox 328 2835 478 2878; x_wconf 88' lang='lat' dir='ltr'>coronam</span> <span class='ocrx_word' id='word_1_178' title='bbox 500 2812 578 2878; x_wconf 78' lang='grc' dir='ltr'><strong><em>κατὰ</em></strong></span> <span class='ocrx_word' id='word_1_179' title='bbox 599 2813 653 2878; x_wconf 80' lang='grc' dir='ltr'>τὸν</span> <span class='ocrx_word' id='word_1_180' title='bbox 674 2814 770 2897; x_wconf 84' lang='grc' dir='ltr'><strong><em>νόμον</em></strong></span> <span class='ocrx_word' id='word_1_181' title='bbox 792 2837 859 2880; x_wconf 89' lang='lat' dir='ltr'>esse</span> <span class='ocrx_word' id='word_1_182' title='bbox 882 2815 1002 2880; x_wconf 87' lang='lat' dir='ltr'>datam.</span> <span class='ocrx_word' id='word_1_183' title='bbox 1044 2813 1137 2897; x_wconf 77' lang='lat' dir='ltr'>Quae</span> <span class='ocrx_word' id='word_1_184' title='bbox 1163 2835 1236 2878; x_wconf 92' lang='lat' dir='ltr'>curn</span> <span class='ocrx_word' id='word_1_185' title='bbox 1266 2815 1312 2877; x_wconf 87' lang='lat' dir='ltr'>ita</span> <span class='ocrx_word' id='word_1_186' title='bbox 1334 2813 1414 2895; x_wconf 87' lang='lat' dir='ltr'>sint,</span> 
     </span>
     <span class='ocr_line' id='line_1_23' title="bbox 226 2924 1416 3010; baseline -0.003 -22"><span class='ocrx_word' id='word_1_187' title='bbox 226 2926 280 2988; x_wconf 83' lang='lat' dir='ltr'>rix</span> <span class='ocrx_word' id='word_1_188' title='bbox 309 2925 421 2991; x_wconf 89' lang='lat' dir='ltr'>dubito</span> <span class='ocrx_word' id='word_1_189' title='bbox 451 2928 528 3010; x_wconf 92' lang='lat' dir='ltr'>quin</span> <span class='ocrx_word' id='word_1_190' title='bbox 557 2927 719 2994; x_wconf 89' lang='lat' dir='ltr'>decretum</span> <span class='ocrx_word' id='word_1_191' title='bbox 742 2926 813 2993; x_wconf 84' lang='lat' dir='ltr'>SB.</span> <span class='ocrx_word' id='word_1_192' title='bbox 840 2931 922 2990; x_wconf 86' lang='grc'>1887</span> <span class='ocrx_word' id='word_1_193' title='bbox 944 2950 975 3010; x_wconf 91' lang='lat' dir='ltr'>p.</span> <span class='ocrx_word' id='word_1_194' title='bbox 999 2929 1116 3010; x_wconf 84' lang='lat' dir='ltr'>locr,4</span> <span class='ocrx_word' id='word_1_195' title='bbox 1137 2930 1210 3009; x_wconf 91' lang='lat' dir='ltr'>post</span> <span class='ocrx_word' id='word_1_196' title='bbox 1231 2924 1311 2990; x_wconf 86' lang='lat' dir='ltr'>illud</span> <span class='ocrx_word' id='word_1_197' title='bbox 1330 2929 1416 2986; x_wconf 89' lang='lat' dir='ltr'>tem-</span> 
     </span>
     <span class='ocr_line' id='line_1_24' title="bbox 226 3036 1415 3122; baseline -0.003 -21"><span class='ocrx_word' id='word_1_198' title='bbox 226 3058 287 3120; x_wconf 91' lang='lat' dir='ltr'>pus</span> <span class='ocrx_word' id='word_1_199' title='bbox 314 3037 493 3103; x_wconf 84' lang='lat' dir='ltr'>confectum</span> <span class='ocrx_word' id='word_1_200' title='bbox 524 3040 581 3122; x_wconf 86' lang='lat' dir='ltr'>sit,</span> <span class='ocrx_word' id='word_1_201' title='bbox 612 3038 833 3122; x_wconf 52' lang='lat' dir='ltr'>argumento&amp;</span> <span class='ocrx_word' id='word_1_202' title='bbox 864 3059 940 3103; x_wconf 91' lang='lat' dir='ltr'>sane</span> <span class='ocrx_word' id='word_1_203' title='bbox 971 3059 1033 3103; x_wconf 92' lang='lat' dir='ltr'>non</span> <span class='ocrx_word' id='word_1_204' title='bbox 1065 3039 1160 3122; x_wconf 88' lang='lat' dir='ltr'>plane</span> <span class='ocrx_word' id='word_1_205' title='bbox 1189 3041 1277 3102; x_wconf 88' lang='lat' dir='ltr'>certo</span> <span class='ocrx_word' id='word_1_206' title='bbox 1310 3036 1415 3118; x_wconf 88' lang='lat' dir='ltr'>nisus,</span> 
     </span>
     <span class='ocr_line' id='line_1_25' title="bbox 226 3148 1417 3233; baseline 0.001 -21"><span class='ocrx_word' id='word_1_207' title='bbox 226 3170 330 3231; x_wconf 91' lang='lat' dir='ltr'>neque</span> <span class='ocrx_word' id='word_1_208' title='bbox 351 3171 424 3214; x_wconf 93' lang='lat' dir='ltr'>eum</span> <span class='ocrx_word' id='word_1_209' title='bbox 447 3150 586 3232; x_wconf 89' lang='lat' dir='ltr'>titulum,</span> <span class='ocrx_word' id='word_1_210' title='bbox 617 3171 712 3232; x_wconf 92' lang='lat' dir='ltr'>quem</span> <span class='ocrx_word' id='word_1_211' title='bbox 735 3149 908 3214; x_wconf 88' lang='lat' dir='ltr'>artificiosa</span> <span class='ocrx_word' id='word_1_212' title='bbox 936 3151 1038 3233; x_wconf 86' lang='lat' dir='ltr'>magis</span> <span class='ocrx_word' id='word_1_213' title='bbox 1067 3171 1165 3232; x_wconf 83' lang='lat' dir='ltr'>quam</span> <span class='ocrx_word' id='word_1_214' title='bbox 1188 3148 1417 3214; x_wconf 79' lang='lat' dir='ltr'>veneratione</span> 
     </span>
     <span class='ocr_line' id='line_1_26' title="bbox 226 3259 1416 3348; baseline -0.001 -23"><span class='ocrx_word' id='word_1_215' title='bbox 226 3263 260 3326; x_wconf 92' lang='lat' dir='ltr'>in</span> <span class='ocrx_word' id='word_1_216' title='bbox 281 3261 395 3328; x_wconf 89' lang='lat' dir='ltr'>tabula</span> <span class='ocrx_word' id='word_1_217' title='bbox 411 3262 516 3345; x_wconf 88' lang='lat' dir='ltr'>prima</span> <span class='ocrx_word' id='word_1_218' title='bbox 534 3262 684 3344; x_wconf 86' lang='lat' dir='ltr'>restituit,</span> <span class='ocrx_word' id='word_1_219' title='bbox 709 3259 791 3347; x_wconf 85' lang='lat' dir='ltr'>(SB.</span> <span class='ocrx_word' id='word_1_220' title='bbox 817 3265 899 3325; x_wconf 87' lang='grc'>1887</span> <span class='ocrx_word' id='word_1_221' title='bbox 918 3284 949 3344; x_wconf 91' lang='lat' dir='ltr'>p.</span> <span class='ocrx_word' id='word_1_222' title='bbox 967 3264 1095 3348; x_wconf 72' lang='grc'>10686)</span> <span class='ocrx_word' id='word_1_223' title='bbox 1118 3260 1246 3326; x_wconf 91' lang='lat' dir='ltr'>saeculo</span> <span class='ocrx_word' id='word_1_224' title='bbox 1269 3259 1416 3324; x_wconf 87' lang='lat' dir='ltr'>secundo</span> 
     </span>
     <span class='ocr_line' id='line_1_27' title="bbox 227 3370 1417 3457; baseline -0.003 -20"><span class='ocrx_word' id='word_1_225' title='bbox 227 3374 441 3456; x_wconf 89' lang='lat' dir='ltr'>antiquiorem</span> <span class='ocrx_word' id='word_1_226' title='bbox 452 3373 477 3456; x_wconf 74' lang='lat'>³)</span> <span class='ocrx_word' id='word_1_227' title='bbox 506 3394 573 3438; x_wconf 86' lang='lat' dir='ltr'>esse</span> <span class='ocrx_word' id='word_1_228' title='bbox 603 3378 723 3457; x_wconf 89' lang='lat' dir='ltr'>putem.</span> <span class='ocrx_word' id='word_1_229' title='bbox 769 3371 857 3437; x_wconf 84' lang='lat' dir='ltr'>Oasu</span> <span class='ocrx_word' id='word_1_230' title='bbox 886 3394 960 3438; x_wconf 82' lang='grc'>1611</span> <span class='ocrx_word' id='word_1_231' title='bbox 993 3373 1133 3438; x_wconf 85' lang='lat' dir='ltr'>evenisse</span> <span class='ocrx_word' id='word_1_232' title='bbox 1160 3377 1257 3456; x_wconf 88' lang='lat' dir='ltr'>puto,</span> <span class='ocrx_word' id='word_1_233' title='bbox 1288 3376 1325 3435; x_wconf 91' lang='lat' dir='ltr'>ut</span> <span class='ocrx_word' id='word_1_234' title='bbox 1354 3370 1417 3439; x_wconf 88' lang='lat' dir='ltr'>de-</span> 
     </span>
    </p>
   </div>
   <div class='ocr_carea' id='block_1_3' title="bbox 225 3618 1419 4464">
    <p class='ocr_par' dir='ltr' id='par_1_3' title="bbox 226 3618 1418 3948">
     <span class='ocr_line' id='line_1_28' title="bbox 317 3618 1416 3691; baseline -0.003 -16"><span class='ocrx_word' id='word_1_235' title='bbox 317 3622 338 3690; x_wconf 87' lang='lat'>¹)</span> <span class='ocrx_word' id='word_1_236' title='bbox 356 3621 449 3676; x_wconf 81' lang='lat' dir='ltr'>Laert.</span> <span class='ocrx_word' id='word_1_237' title='bbox 469 3621 586 3691; x_wconf 81' lang='lat' dir='ltr'>Diogen.</span> <span class='ocrx_word' id='word_1_238' title='bbox 605 3620 665 3676; x_wconf 87' lang='lat' dir='ltr'>VII</span> <span class='ocrx_word' id='word_1_239' title='bbox 678 3623 719 3676; x_wconf 89' lang='lat' dir='ltr'>lo.</span> <span class='ocrx_word' id='word_1_240' title='bbox 738 3621 772 3675; x_wconf 84' lang='lat' dir='ltr'>cf.</span> <span class='ocrx_word' id='word_1_241' title='bbox 791 3620 954 3690; x_wconf 88' lang='lat' dir='ltr'>Droysen</span> <span class='ocrx_word' id='word_1_242' title='bbox 966 3622 1064 3676; x_wconf 86' lang='lat' dir='ltr'>Herm.</span> <span class='ocrx_word' id='word_1_243' title='bbox 1083 3619 1158 3675; x_wconf 89' lang='lat' dir='ltr'>XVI</span> <span class='ocrx_word' id='word_1_244' title='bbox 1174 3621 1224 3674; x_wconf 86' lang='grc'>291</span> <span class='ocrx_word' id='word_1_245' title='bbox 1239 3637 1278 3689; x_wconf 90' lang='lat' dir='ltr'>sq.</span> <span class='ocrx_word' id='word_1_246' title='bbox 1300 3618 1416 3674; x_wconf 73' lang='lat' dir='ltr'>Wils-</span> 
     </span>
     <span class='ocr_line' id='line_1_29' title="bbox 226 3707 1417 3777; baseline 0.001 -17"><span class='ocrx_word' id='word_1_247' title='bbox 226 3708 374 3762; x_wconf 87' lang='lat' dir='ltr'>mowitz.</span> <span class='ocrx_word' id='word_1_248' title='bbox 393 3707 529 3777; x_wconf 80' lang='lat' dir='ltr'>Antigon.</span> <span class='ocrx_word' id='word_1_249' title='bbox 548 3707 653 3775; x_wconf 81' lang='lat' dir='ltr'>Caryst.</span> <span class='ocrx_word' id='word_1_250' title='bbox 672 3725 699 3776; x_wconf 91' lang='lat' dir='ltr'>p.</span> <span class='ocrx_word' id='word_1_251' title='bbox 718 3709 770 3760; x_wconf 78' lang='lat'>340</span> <span class='ocrx_word' id='word_1_252' title='bbox 786 3725 827 3776; x_wconf 87' lang='lat' dir='ltr'>sq.</span> <span class='ocrx_word' id='word_1_253' title='bbox 864 3707 1023 3761; x_wconf 89' lang='lat' dir='ltr'>Koehler</span> <span class='ocrx_word' id='word_1_254' title='bbox 1040 3708 1112 3763; x_wconf 86' lang='lat' dir='ltr'>Mus.</span> <span class='ocrx_word' id='word_1_255' title='bbox 1130 3707 1257 3762; x_wconf 85' lang='lat' dir='ltr'>Rhenan.</span> <span class='ocrx_word' id='word_1_256' title='bbox 1275 3723 1337 3760; x_wconf 86' lang='lat' dir='ltr'>nov.</span> <span class='ocrx_word' id='word_1_257' title='bbox 1356 3721 1417 3761; x_wconf 80' lang='lat' dir='ltr'>ser.</span> 
     </span>
     <span class='ocr_line' id='line_1_30' title="bbox 227 3790 1418 3862; baseline 0 -16"><span class='ocrx_word' id='word_1_258' title='bbox 227 3793 281 3848; x_wconf 86' lang='lat' dir='ltr'>vol.</span> <span class='ocrx_word' id='word_1_259' title='bbox 300 3795 334 3847; x_wconf 80' lang='lat'>39</span> <span class='ocrx_word' id='word_1_260' title='bbox 353 3811 379 3861; x_wconf 95' lang='lat' dir='ltr'>p.</span> <span class='ocrx_word' id='word_1_261' title='bbox 397 3796 456 3848; x_wconf 83' lang='lat'>300.</span> <span class='ocrx_word' id='word_1_262' title='bbox 493 3792 606 3846; x_wconf 80' lang='lat' dir='ltr'>cobet</span> <span class='ocrx_word' id='word_1_263' title='bbox 630 3792 801 3861; x_wconf 82' lang='lat' dir='ltr'>Mnemosyn.</span> <span class='ocrx_word' id='word_1_264' title='bbox 826 3810 889 3847; x_wconf 89' lang='lat' dir='ltr'>nov.</span> <span class='ocrx_word' id='word_1_265' title='bbox 914 3811 965 3847; x_wconf 87' lang='lat' dir='ltr'>ser.</span> <span class='ocrx_word' id='word_1_266' title='bbox 989 3794 1043 3847; x_wconf 88' lang='lat' dir='ltr'>vol.</span> <span class='ocrx_word' id='word_1_267' title='bbox 1062 3792 1078 3847; x_wconf 95' lang='lat' dir='ltr'>I</span> <span class='ocrx_word' id='word_1_268' title='bbox 1095 3812 1123 3862; x_wconf 89' lang='lat' dir='ltr'>p.</span> <span class='ocrx_word' id='word_1_269' title='bbox 1143 3795 1201 3847; x_wconf 84' lang='grc'>123.</span> <span class='ocrx_word' id='word_1_270' title='bbox 1236 3790 1355 3847; x_wconf 87' lang='lat' dir='ltr'>Krech</span> <span class='ocrx_word' id='word_1_271' title='bbox 1374 3791 1418 3846; x_wconf 84' lang='lat' dir='ltr'>de</span> 
     </span>
     <span class='ocr_line' id='line_1_31' title="bbox 227 3877 1416 3948; baseline 0 -18"><span class='ocrx_word' id='word_1_272' title='bbox 227 3877 335 3932; x_wconf 84' lang='lat' dir='ltr'>Crateri</span> <span class='ocrx_word' id='word_1_273' title='bbox 353 3877 534 3948; x_wconf 76' lang='grc' dir='ltr'><em>ψηφισμάτων</em></span> <span class='ocrx_word' id='word_1_274' title='bbox 552 3879 691 3948; x_wconf 76' lang='grc' dir='ltr'>συναγωγῇ</span> <span class='ocrx_word' id='word_1_275' title='bbox 715 3879 822 3933; x_wconf 85' lang='lat' dir='ltr'>dissert.</span> <span class='ocrx_word' id='word_1_276' title='bbox 851 3879 977 3948; x_wconf 83' lang='lat' dir='ltr'>inaugur.</span> <span class='ocrx_word' id='word_1_277' title='bbox 1000 3879 1091 3932; x_wconf 90' lang='lat' dir='ltr'>Berol.</span> <span class='ocrx_word' id='word_1_278' title='bbox 1112 3881 1178 3932; x_wconf 85' lang='lat'>1887</span> <span class='ocrx_word' id='word_1_279' title='bbox 1195 3897 1221 3946; x_wconf 93' lang='lat' dir='ltr'>p.</span> <span class='ocrx_word' id='word_1_280' title='bbox 1240 3880 1274 3930; x_wconf 88' lang='grc'>20</span> <span class='ocrx_word' id='word_1_281' title='bbox 1292 3881 1347 3930; x_wconf 85' lang='lat' dir='ltr'>not.</span> <span class='ocrx_word' id='word_1_282' title='bbox 1365 3880 1416 3932; x_wconf 85' lang='grc'>26.</span> 
     </span>
    </p>

    <p class='ocr_par' dir='ltr' id='par_1_4' title="bbox 225 3960 1419 4378">
     <span class='ocr_line' id='line_1_32' title="bbox 313 3960 1416 4034; baseline -0.002 -15"><span class='ocrx_word' id='word_1_283' title='bbox 313 3964 335 4034; x_wconf 83' lang='lat'>¹)</span> <span class='ocrx_word' id='word_1_284' title='bbox 357 3963 449 4019; x_wconf 78' lang='lat' dir='ltr'>Verbo</span> <span class='ocrx_word' id='word_1_285' title='bbox 467 3964 592 4016; x_wconf 80' lang='grc' dir='ltr'><strong><em>καινῶι</em></strong></span> <span class='ocrx_word' id='word_1_286' title='bbox 615 3960 701 4032; x_wconf 71' lang='grc' dir='ltr'><em>ἀγῶνι</em></span> <span class='ocrx_word' id='word_1_287' title='bbox 726 3981 796 4031; x_wconf 83' lang='lat' dir='ltr'>quae</span> <span class='ocrx_word' id='word_1_288' title='bbox 815 3964 880 4017; x_wconf 87' lang='lat' dir='ltr'>huic</span> <span class='ocrx_word' id='word_1_289' title='bbox 899 3965 982 4018; x_wconf 86' lang='lat' dir='ltr'>titulo</span> <span class='ocrx_word' id='word_1_290' title='bbox 1001 3965 1153 4017; x_wconf 82' lang='lat' dir='ltr'>inseramus</span> <span class='ocrx_word' id='word_1_291' title='bbox 1171 3977 1282 4016; x_wconf 85' lang='lat' dir='ltr'>necesse</span> <span class='ocrx_word' id='word_1_292' title='bbox 1300 3964 1342 4013; x_wconf 84' lang='lat' dir='ltr'>eet</span> <span class='ocrx_word' id='word_1_293' title='bbox 1360 3961 1416 4028; x_wconf 76' lang='lat' dir='ltr'>(ef.</span> 
     </span>
     <span class='ocr_line' id='line_1_33' title="bbox 225 4045 1419 4118; baseline -0.005 -15"><span class='ocrx_word' id='word_1_294' title='bbox 225 4067 254 4118; x_wconf 90' lang='lat' dir='ltr'>p.</span> <span class='ocrx_word' id='word_1_295' title='bbox 272 4051 318 4118; x_wconf 84' lang='grc'>21)</span> <span class='ocrx_word' id='word_1_296' title='bbox 342 4055 407 4104; x_wconf 85' lang='lat' dir='ltr'>aute</span> <span class='ocrx_word' id='word_1_297' title='bbox 425 4050 548 4116; x_wconf 86' lang='lat' dir='ltr'>medium</span> <span class='ocrx_word' id='word_1_298' title='bbox 567 4051 626 4104; x_wconf 83' lang='lat' dir='ltr'>sere</span> <span class='ocrx_word' id='word_1_299' title='bbox 645 4049 786 4103; x_wconf 82' lang='lat' dir='ltr'>saeculum</span> <span class='ocrx_word' id='word_1_300' title='bbox 804 4050 919 4103; x_wconf 87' lang='lat' dir='ltr'>tertium</span> <span class='ocrx_word' id='word_1_301' title='bbox 937 4067 993 4103; x_wconf 93' lang='lat' dir='ltr'>non</span> <span class='ocrx_word' id='word_1_302' title='bbox 1011 4053 1144 4118; x_wconf 82' lang='lat' dir='ltr'>usurpata</span> <span class='ocrx_word' id='word_1_303' title='bbox 1162 4050 1191 4102; x_wconf 93' lang='lat' dir='ltr'>in</span> <span class='ocrx_word' id='word_1_304' title='bbox 1210 4045 1333 4102; x_wconf 84' lang='lat' dir='ltr'>decretis</span> <span class='ocrx_word' id='word_1_305' title='bbox 1350 4062 1419 4115; x_wconf 90' lang='lat' dir='ltr'>po-</span> 
     </span>
     <span class='ocr_line' id='line_1_34' title="bbox 227 4133 1417 4206; baseline -0.003 -18"><span class='ocrx_word' id='word_1_306' title='bbox 227 4137 305 4204; x_wconf 92' lang='lat' dir='ltr'>puli</span> <span class='ocrx_word' id='word_1_307' title='bbox 323 4137 455 4191; x_wconf 88' lang='lat' dir='ltr'>videntur</span> <span class='ocrx_word' id='word_1_308' title='bbox 472 4155 545 4206; x_wconf 85' lang='lat' dir='ltr'>esse;</span> <span class='ocrx_word' id='word_1_309' title='bbox 563 4140 640 4190; x_wconf 88' lang='lat' dir='ltr'>certe</span> <span class='ocrx_word' id='word_1_310' title='bbox 657 4136 758 4190; x_wconf 86' lang='lat' dir='ltr'>omissa</span> <span class='ocrx_word' id='word_1_311' title='bbox 776 4139 840 4188; x_wconf 87' lang='lat' dir='ltr'>sunt</span> <span class='ocrx_word' id='word_1_312' title='bbox 858 4136 886 4189; x_wconf 88' lang='lat' dir='ltr'>in</span> <span class='ocrx_word' id='word_1_313' title='bbox 905 4136 995 4188; x_wconf 90' lang='lat' dir='ltr'>titulis</span> <span class='ocrx_word' id='word_1_314' title='bbox 1014 4136 1151 4188; x_wconf 91' lang='lat' dir='ltr'>honorum</span> <span class='ocrx_word' id='word_1_315' title='bbox 1171 4133 1299 4202; x_wconf 84' lang='lat' dir='ltr'>Spartoci</span> <span class='ocrx_word' id='word_1_316' title='bbox 1312 4133 1417 4203; x_wconf 64' lang='grc'>(28“,’,)</span> 
     </span>
     <span class='ocr_line' id='line_1_35' title="bbox 226 4218 1417 4292; baseline 0.001 -18"><span class='ocrx_word' id='word_1_317' title='bbox 226 4221 411 4276; x_wconf 85' lang='lat' dir='ltr'>Audoleontis</span> <span class='ocrx_word' id='word_1_318' title='bbox 430 4225 476 4292; x_wconf 90' lang='grc'>(28</span> <span class='ocrx_word' id='word_1_319' title='bbox 482 4225 528 4292; x_wconf 54' lang='grc'>*15)</span> <span class='ocrx_word' id='word_1_320' title='bbox 543 4222 708 4292; x_wconf 89' lang='lat' dir='ltr'>Philippidis</span> <span class='ocrx_word' id='word_1_321' title='bbox 721 4223 768 4290; x_wconf 92' lang='grc'>(28</span> <span class='ocrx_word' id='word_1_322' title='bbox 775 4222 818 4289; x_wconf 50' lang='lat' dir='ltr'>tq)</span> <span class='ocrx_word' id='word_1_323' title='bbox 836 4221 885 4289; x_wconf 82' lang='lat' dir='ltr'>(ei.</span> <span class='ocrx_word' id='word_1_324' title='bbox 904 4221 972 4276; x_wconf 83' lang='lat'>011</span> <span class='ocrx_word' id='word_1_325' title='bbox 989 4223 1049 4276; x_wconf 87' lang='grc'>311,</span> <span class='ocrx_word' id='word_1_326' title='bbox 1062 4222 1120 4274; x_wconf 86' lang='grc'>312.</span> <span class='ocrx_word' id='word_1_327' title='bbox 1134 4222 1185 4273; x_wconf 75' lang='grc'>814</span> <span class='ocrx_word' id='word_1_328' title='bbox 1198 4221 1231 4288; x_wconf 69' lang='grc'>-1-</span> <span class='ocrx_word' id='word_1_329' title='bbox 1244 4219 1317 4288; x_wconf 79' lang='lat' dir='ltr'>Eph.</span> <span class='ocrx_word' id='word_1_330' title='bbox 1334 4218 1417 4276; x_wconf 79' lang='lat' dir='ltr'>arch.</span> 
     </span>
     <span class='ocr_line' id='line_1_36' title="bbox 228 4309 443 4378; baseline 0.005 -17"><span class='ocrx_word' id='word_1_331' title='bbox 228 4309 295 4362; x_wconf 87' lang='grc'>1890</span> <span class='ocrx_word' id='word_1_332' title='bbox 312 4327 338 4378; x_wconf 93' lang='lat' dir='ltr'>p.</span> <span class='ocrx_word' id='word_1_333' title='bbox 357 4310 391 4362; x_wconf 80' lang='lat'>75</span> <span class='ocrx_word' id='word_1_334' title='bbox 403 4327 443 4377; x_wconf 86' lang='lat' dir='ltr'>sq.</span> 
     </span>
    </p>

    <p class='ocr_par' dir='ltr' id='par_1_5' title="bbox 313 4391 1418 4464">
     <span class='ocr_line' id='line_1_37' title="bbox 313 4391 1418 4464; baseline -0.002 -16"><span class='ocrx_word' id='word_1_335' title='bbox 313 4393 336 4464; x_wconf 65' lang='grc'>3)</span> <span class='ocrx_word' id='word_1_336' title='bbox 360 4393 494 4448; x_wconf 81' lang='lat' dir='ltr'>Euctesin</span> <span class='ocrx_word' id='word_1_337' title='bbox 518 4395 608 4462; x_wconf 87' lang='lat' dir='ltr'>pretio</span> <span class='ocrx_word' id='word_1_338' title='bbox 626 4394 779 4448; x_wconf 82' lang='lat' dir='ltr'>coercitam</span> <span class='ocrx_word' id='word_1_339' title='bbox 805 4394 887 4462; x_wconf 84' lang='lat' dir='ltr'>plane</span> <span class='ocrx_word' id='word_1_340' title='bbox 911 4393 946 4447; x_wconf 84' lang='lat' dir='ltr'>ab</span> <span class='ocrx_word' id='word_1_341' title='bbox 965 4393 1053 4447; x_wconf 78' lang='lat' dir='ltr'>altero</span> <span class='ocrx_word' id='word_1_342' title='bbox 1072 4392 1181 4446; x_wconf 82' lang='lat' dir='ltr'>saeculo</span> <span class='ocrx_word' id='word_1_343' title='bbox 1199 4391 1351 4446; x_wconf 81' lang='lat' dir='ltr'>abhorrere</span> <span class='ocrx_word' id='word_1_344' title='bbox 1368 4391 1418 4446; x_wconf 88' lang='lat' dir='ltr'>iu-</span> 
     </span>
    </p>
   </div>
   <div class='ocr_carea' id='block_1_4' title="bbox 0 0 1568 5128">
    <p class='ocr_par' dir='ltr' id='par_1_6' title="bbox 0 0 1568 5128">
     <span class='ocr_line' id='line_1_38' title="bbox 0 0 1568 5128; baseline 0 0"><span class='ocrx_word' id='word_1_345' title='bbox 0 0 1568 5128; x_wconf 95' lang='lat' dir='ltr'> </span> 
     </span>
    </p>
   </div>
  </div>
 </body>
</html>
