3128 5128
621 434 836 495 ..25-

224 598 336 664 Facile
359 603 407 663 est
429 600 523 681 plura
535 601 558 684 ¹)
585 602 730 684 exempla
760 601 882 683 afferre,
915 602 970 666 sed
993 605 1109 683 exeis,
1136 622 1219 684 quae
1243 622 1317 666 enu-

133 712 267 792 meravi,
290 713 368 776 satis
391 732 545 794 apparere
569 719 646 796 puto
669 714 777 777 multis
799 714 876 777 locis
895 713 1051 781 Graeciae
1066 713 1135 797 lege
1150 713 1317 779 definitum

134 821 245 902 fuisse,
264 828 422 904 quantum
445 825 517 886 auri
539 823 582 888 ad
605 845 756 889 coronam
779 824 1009 890 conficiendam
1032 825 1181 890 collocari
1195 826 1315 889 liceret.

137 932 398 1000 Consentaneum
420 935 518 1017 igitur
541 941 597 1016 est,
618 937 705 1018 apud
720 935 934 1001 Athenienses
955 957 1084 1018 quoque
1105 936 1200 1000 luisse
1218 936 1317 1000 talem

134 1037 250 1127 legem.
291 1045 417 1127 Restat,
446 1051 483 1110 ut
514 1045 632 1110 addam
661 1046 763 1128 legem
793 1046 882 1110 illam
909 1069 972 1111 non
1003 1047 1104 1111 solum
1136 1045 1177 1110 ad
1206 1045 1317 1128 populi

135 1162 332 1239 senatusque
343 1157 370 1242 ²)
392 1159 581 1240 pertinuisse
604 1159 742 1240 decreta,
763 1159 819 1222 sed
842 1159 953 1224 eodem
976 1163 1118 1240 tempore
1141 1157 1317 1238 eademque

135 1268 262 1332 ratione
274 1289 329 1333 eas
339 1289 466 1351 quoque
480 1289 622 1350 coronae,
633 1291 715 1352 quae
729 1270 934 1336 atribulibus
947 1291 966 1333 a
978 1268 1111 1352 paganis
1123 1267 1316 1348 acleruchiS,

136 1403 157 1444 a
192 1379 334 1462 collegiis
364 1381 501 1463 denique
529 1381 751 1464 sodaliciisque
779 1382 880 1446 omnis
909 1384 1033 1465 generis
1066 1379 1244 1460 dabantur,
1275 1379 1316 1444 ab

135 1491 392 1556 Atheniensibus
415 1513 483 1556 esse
506 1494 681 1558 restrictas.
727 1491 842 1576 Neque
868 1495 951 1558 enim
974 1513 1117 1574 unquam
1139 1491 1171 1554 in
1194 1490 1243 1554 his
1265 1489 1317 1553 de-

136 1603 235 1668 cretis
267 1608 339 1685 post
371 1601 422 1668 Ol.
453 1603 519 1670 fere
555 1608 614 1667 119
650 1625 785 1668 coronae
818 1606 966 1687 pretium,
1001 1610 1038 1667 ut
1073 1608 1177 1684 antea,
1212 1600 1315 1666 verbis

135 1713 205 1779 ἀπὸ
222 1765 228 1778 .
247 1715 397 1800 δραχμῶν
419 1714 587 1780 definitum
610 1721 658 1780 est
681 1716 736 1780 sed
760 1737 861 1797 aeque
885 1723 982 1798 atque
997 1716 1030 1779 in
1049 1714 1159 1797 populi
1179 1713 1314 1777 decretis

135 1825 279 1891 formula
301 1829 378 1892 κατά
401 1826 455 1890 τὸν
477 1827 573 1908 νόμον
595 1833 762 1909 usurpata.
798 1826 893 1911 Quod
915 1835 951 1892 ut
974 1827 1187 1892 demonstrem
1206 1823 1316 1888 titulos

136 1936 253 2003 afferre
276 1939 353 2002 satis
374 1937 495 2002 habeo:

217 2047 296 2112 κατά
327 2049 380 2114 τὸν
413 2049 509 2132 νόμον
543 2055 648 2115 exstat
677 2051 707 2115 in
739 2051 866 2116 decreto
895 2050 1062 2115 tribulium
1091 2044 1315 2112 Erechtheidis

137 2159 223 2225 CH
247 2165 310 2225 564
330 2162 419 2246 (circ.
442 2161 496 2227 fin.
520 2183 600 2227 saec.
621 2163 709 2244 ΙΙΙ);
739 2147 972 2228 restituendum
996 2165 1044 2224 est
1065 2157 1147 2225 ΟΠ
1168 2161 1229 2222 567
1249 2178 1278 2219 v.
1296 2161 1314 2219 9

135 2275 186 2360 (in
210 2274 339 2339 decreto
357 2275 525 2341 tribulium
547 2274 704 2358 Aegeidis
727 2273 779 2341 Ol.
805 2279 892 2346 123,4
914 2273 1026 2360 facto).

224 2384 433 2468 Paganorum
463 2387 628 2451 decretum
650 2407 714 2470 quo
738 2407 855 2450 corona
875 2385 1018 2468 legitima
1040 2383 1193 2449 tribuitur
1215 2402 1316 2446 unum

136 2491 254 2560 afferre
272 2517 403 2578 possum
418 2497 503 2580 Eph.
522 2499 608 2562 arch.
626 2501 709 2562 1884
726 2521 757 2581 p.
778 2501 956 2578 rer—140,
974 2495 1059 2579 quod
1078 2493 1129 2560 Ol.
1147 2497 1315 2558 118-123

136 2605 207 2670 fere
235 2605 390 2688 factumss)
419 2630 488 2674 esse
514 2611 629 2674 statuit
656 2610 799 2690 Philius;
829 2615 958 2691 praeter
982 2608 1043 2672 hoc
1065 2606 1194 2672 nullum-
1210 2605 1316 2668 inveni

135 2717 303 2782 decretum
326 2741 526 2802 paganorum
541 2727 614 2805 post
631 2721 683 2789 01.
701 2725 761 2786 119
781 2721 970 2804 confectum,
994 2741 1057 2803 quo
1080 2738 1196 2782 corona
1217 2735 1316 2780 aurea

136 2836 223 2894 esset
245 2830 333 2895 data.

226 2957 460 3026 Oleruchorum
486 2963 519 3026 in
549 2964 684 3029 decretis
711 2969 827 3046 χρυσῶι
856 2959 1015 3046 orepavor
1041 2957 1119 3023 κατὰ
1142 2956 1195 3022 τὸν
1222 2956 1319 3038 νόμον

134 3092 295 3136 mvenres:
321 3124 323 3129 .

226 3180 253 3248 O
278 3183 317 3248 II
335 3189 397 3252 592
418 3187 506 3272 (circ.
531 3184 583 3252 Ol.
608 3187 693 3271 140).
738 3185 765 3253 O
788 3186 828 3250 Π
847 3189 910 3250 594
935 3185 1022 3270 (ciro.
1043 3181 1094 3248 Ol.
1117 3180 1210 3266 163);
1232 3179 1317 3243 idem

134 3297 373 3361 restituendum
396 3300 457 3362 erit
483 3299 517 3362 in
544 3297 639 3362 titulo
657 3297 720 3363 SB
740 3303 822 3362 1887
846 3321 877 3380 p.
903 3300 984 3360 1067
1008 3294 1048 3359 Π
1070 3313 1102 3364 51
1124 3317 1152 3358 u.
1180 3297 1230 3373 15,
1261 3292 1316 3372 qui

136 3405 266 3471 Seleuci
293 3409 388 3490 primi
418 3409 633 3492 temporibus,
663 3410 736 3475 circ.
769 3409 821 3476 Ol.
853 3412 980 3474 122-4
1010 3410 1159 3472 exaratus
1186 3409 1234 3468 est
1263 3401 1316 3481 (cf.

134 3541 165 3582 v.
191 3521 232 3582 22
257 3523 289 3582 et
311 3518 351 3582 ΙΙ
373 3535 431 3590 sab
452 3541 481 3584 v.
507 3525 556 3602 16,
581 3521 747 3586 Wilhelm.
768 3519 873 3584 Herm
892 3523 931 3583 23
953 3541 984 3602 p.
1007 3522 1071 3584 460
1080 3518 1154 3604 sq.).

225 3637 445 3721 Collegiorum
475 3662 602 3723 quoque
636 3643 670 3705 in
702 3641 838 3706 decretis
867 3644 940 3722 post
977 3645 1129 3721 quartum
1157 3636 1222 3701 fere
1251 3656 1317 3700 sae·

134 3748 248 3814 culum
271 3770 403 3815 coronas
433 3773 496 3816 non
526 3773 593 3817 esse
616 3753 709 3817 datas
727 3753 788 3816 nisi
809 3751 968 3833 legitimas
989 3771 1028 3814 ex
1050 3750 1100 3814 his
1121 3748 1224 3813 titulis
1247 3769 1317 3830 cog·

132 3862 296 3928 noscitur:

227 4153 250 4220 ¹)
269 4152 347 4204 velut
364 4151 477 4207 MdAJ
497 4151 542 4205 XI
559 4169 586 4220 p.
605 4153 647 4218 83,
665 4149 738 4206 XIV
756 4168 783 4220 p.
801 4153 843 4204 53.
866 4148 980 4204 BdOH
999 4149 1066 4202 1889
1084 4165 1111 4216 p.
1129 4147 1180 4200 272
1198 4149 1251 4200 eto.

226 4237 250 4304 ²)
268 4235 387 4291 Senatus
406 4237 526 4302 decreta,
545 4237 644 4306 quibus
663 4253 765 4290 corona
782 4235 850 4286 κατὰ
868 4233 918 4287 τὸν
935 4235 1024 4300 νόμον
1043 4233 1195 4298 confertur,
1219 4230 1318 4284 afferre

130 4343 191 4380 non
209 4339 336 4394 possum3
356 4323 432 4390 quod
450 4323 525 4376 casui
542 4322 723 4376 tribuendum
742 4323 803 4376 crit.

224 4410 248 4480 ³)
268 4409 303 4464 cf.
321 4427 349 4479 p.
367 4427 407 4479 sq.
425 4412 483 4462 not.
504 4411 528 4464 1.
