3128 5128
750 391 962 466 239...

264 565 322 639 sed
342 565 422 638 illud
446 564 578 657 prorsus
600 561 707 638 omisit
736 561 966 656 demonstrare,
994 575 1063 638 tam
1086 565 1175 640 brevi
1201 578 1343 658 ternpore
1362 559 1449 657 'post
1530 631 1531 664 ,

263 686 478 750 Athenienses
508 685 588 749 adeo
614 686 783 751 indulsisse
809 685 959 769 languori
988 691 1020 750 et
1047 687 1302 768 mansuetudini,
1333 693 1371 749 ut
1404 685 1447 748 ad

263 799 402 881 priorem
422 819 532 879 usum,
563 818 659 879 quern
688 797 782 866 modo
805 797 928 878 experti
958 798 1222 879 antiquaverant,
1253 818 1318 861 non
1347 796 1447 860 modo

263 909 421 991 redirent,
451 909 507 973 sed
535 908 606 990 lege
637 930 709 972 eum
736 907 926 972 stabilirent.
979 908 1101 972 Parum
1132 911 1216 973 enim
1245 929 1322 974 vera
1358 915 1446 990 sunt,

264 1041 347 1102 quae
369 1021 417 1084 vir
438 1020 640 1085 doctissimus
662 1019 799 1102 probare
819 1021 909 1083 nisus
932 1024 993 1100 est,
1023 1022 1183 1083 constanti
1205 1041 1267 1084 usu
1289 1017 1446 1084 formulas

264 1133 422 1214 longiores
451 1153 554 1214 usque
582 1132 624 1196 ad
655 1153 774 1194 annum
804 1131 870 1194 fere
893 1134 966 1212 320,
994 1131 1069 1195 inde
1098 1131 1140 1194 ab
1171 1153 1208 1195 eo
1238 1153 1321 1195 anno
1343 1130 1446 1194 verba

264 1243 342 1309 κατὰ
361 1243 415 1308 τὸν
437 1244 533 1326 νόμον
555 1249 712 1325 usurpata
732 1264 812 1308 esse.
852 1242 954 1306 Tituli
974 1245 1058 1306 enirn
1082 1241 1109 1307 O
1131 1243 1170 1306 H
1194 1248 1255 1307 397
1278 1241 1376 1305 verba
1399 1241 1446 1303 in-

265 1355 445 1421 felicissimo
458 1361 619 1420 momento
631 1354 778 1418 Dittmar
791 1357 835 1418 sic
844 1355 1042 1418 restituenda
1059 1375 1128 1418 esse
1139 1355 1273 1418 coniecit
1290 1361 1332 1436 (p.
1349 1357 1445 1432 189):
1532 1409 1533 1428 ,

267 1461 359 1554 [εἶναι
375 1467 402 1531 δ’
419 1463 601 1552 Ἀθηναίους
615 1463 711 1531 αὐτόν
726 1466 779 1529 καὶ
793 1464 866 1542 τούς
888 1461 1042 1551 deflevere
1056 1463 1153 1529 αὐτοῦ
1172 1465 1223 1528 καὶ
1238 1462 1445 1551 γ[ράψασθοι
1532 1447 1533 1474 l

266 1581 369 1664 φυλῆς
386 1573 440 1641 ’καὶ
461 1576 559 1664 δήμου
575 1578 625 1641 καὶ
644 1576 811 1664 φρατρία]ς
830 1569 880 1662 [ἧς
894 1572 954 1664 ἂμ]
970 1578 1119 1662 βούληται
1135 1571 1282 1662 πο[ρόντι
1298 1573 1445 1662 Ἀθήνησι

264 1688 340 1754 κατὰ
375 1690 432 1754 τόν
460 1687 568 1776 νόμον]
598 1687 719 1753 violata
748 1689 819 1771 lege
854 1689 1084 1772 grammatica;
1113 1709 1216 1770 neque
1246 1688 1272 1750 si
1301 1687 1446 1772 παρόντα

264 1802 507 1882 restituerimus,
530 1821 601 1864 eam
622 1801 709 1864 tituli
731 1799 885 1882 formam,
915 1802 949 1864 in
973 1821 1039 1882 qua
1069 1801 1326 1881 acquiescamus,
1356 1797 1445 1863 nacti

264 1914 399 1993 erimus;
413 1913 439 1998 ¹)
471 1934 546 1976 narn
581 1911 667 1976 unde
697 1913 753 1993 qui
783 1910 891 1993 legent
917 1910 995 1974 nerei
1021 1909 1077 1973 cdv
1099 1910 1200 1992 ,νόμον
1229 1909 1271 1974 ad
1300 1909 1446 1996 παρόντα

264 2021 411 2110 Ἀθήνησι
433 2023 638 2088 referendum
662 2044 725 2087 non
748 2043 816 2086 esse
838 2020 1052 2104 cognoscent?

352 2135 528 2200 Praeterea
557 2134 682 2200 absenti
704 2135 881 2217 phratriam
910 2134 1026 2216 eligere
1052 2155 1114 2198 non
1142 2135 1268 2199 licuisse
1292 2133 1444 2216 exemplis

264 2269 329 2311 non
350 2248 500 2330 probavit
522 2268 623 2328 neque
644 2248 750 2329 potuit
769 2247 917 2328 probare,
940 2244 998 2310 sed
1020 2247 1115 2328 plane
1130 2246 1223 2310 finxit
1238 2247 1285 2310 vir
1299 2246 1443 2311 doctissi-

265 2358 382 2439 mus.²)
427 2357 523 2440 Quod
546 2361 573 2423 si
595 2361 627 2422 in
650 2359 710 2422 hoc
732 2358 827 2422 titulo
850 2355 948 2445 athir
969 2349 1013 2421 ὦν
1035 2357 1066 2422 oi
1088 2357 1178 2439 νόμοι
1200 2353 1443 2444 ἀπαγορεύοιοι]

266 2469 315 2533 vel
337 2469 404 2533 tale
419 2470 497 2550 quid
515 2469 729 2552 supplendum
747 2475 796 2534 est
816 2470 988 2534 concidunt
1009 2470 1068 2534 riri
1088 2469 1262 2534 doctissimi
1278 2489 1444 2551 argumen-

266 2583 420 2663 tationes,
451 2602 515 2646 non
544 2603 609 2645 una
630 2579 674 2645 'ex
704 2586 795 2663 parte
816 2580 960 2646 infirmae
991 2602 1029 2645 ac
1058 2579 1247 2667 fallaces33)
1274 2600 1377 2661 neque
1398 2581 1445 2642 est

268 2839 335 2892 tatis
353 2840 446 2908 specie
464 2839 550 2893 verba
566 2837 634 2890 κατὰ
653 2837 703 2889 τὸν
721 2837 810 2903 νόμον
828 2839 972 2891 notissimo
996 2838 1038 2890 illi
1057 2837 1092 2890 de
1110 2835 1277 2905 Thrasybuli
1295 2836 1446 2890 honeribus

270 2925 382 2979 decreto
401 2926 549 2993 inserebat,
569 2925 605 2980 cl.
623 2923 764 2987 Wilhelm,
782 2924 880 2980 Herm.
899 2923 1001 2978 XXIV
1020 2941 1046 2992 p.
1060 2926 1112 2978 ³30
1129 2927 1186 2976 not.
1201 2926 1223 2977 l.

357 3014 378 3081 ¹)
398 3010 514 3065 Minime
537 3012 611 3064 enim
633 3011 702 3066 mihi
726 3010 862 3080 probatur
880 3009 1026 3064 collocatio
1044 3009 1207 3075 verborum,
1232 3025 1302 3077 quae
1324 3008 1363 3062 sic
1387 3008 1445 3062 fere

269 3097 440 3168 disponenda
456 3099 581 3150 suerunt:
604 3101 648 3148 καὶ
669 3095 833 3165 γράψασθαι
852 3093 937 3147 αὐτὸν
959 3094 1084 3165 παρόντα
1102 3085 1228 3159 Ἀθήνησι
1251 3115 1278 3164 φ,
1297 3115 1319 3148 ιι.
1337 3090 1359 3147 d.
1377 3115 1400 3148 ιι.
1419 3113 1445 3161 φ.

268 3179 297 3251 ἦς
315 3180 353 3250 ἂμ
370 3180 500 3250 βούληται
517 3178 585 3233 κατὰ
602 3180 653 3234 τὸν
670 3182 765 3248 νόμον.

355 3267 378 3338 ²)
396 3268 555 3322 Phratriam
572 3267 676 3336 eligere
695 3268 807 3321 omniuo
824 3285 880 3321 non
899 3284 1058 3321 concessum
1077 3267 1131 3321 fuit
1155 3267 1209 3320 nisi
1227 3266 1266 3333 ei,
1290 3265 1335 3320 cui
1357 3266 1445 3320 altere

270 3354 373 3408 civium
392 3353 523 3424 suffragio
541 3357 569 3407 et
587 3355 637 3407 501
656 3353 781 3407 iudicum
799 3353 904 3407 iudicio
924 3353 1023 3406 civitas
1041 3351 1205 3406 confirmata
1222 3355 1282 3406 erat
1307 3351 1355 3422 (cl.
1374 3351 1396 3406 0
1415 3347 1446 3404 11

269 3442 328 3496 395.
346 3442 405 3496 396.
423 3441 483 3496 497.
500 3441 559 3493 429.
573 3441 624 3494 455
642 3444 686 3490 καὶ
704 3438 774 3490 εἶναι
792 3437 877 3491 αὖτῶι
895 3435 1090 3505 δοκιμασθέντι
1107 3438 1274 3510 γράψασθαι
1291 3435 1372 3508 φυλῆς
1389 3457 1412 3490 ιι.
1424 3432 1446 3490 d.

269 3545 292 3578 ιι.
311 3547 337 3596 φ.
356 3521 387 3592 ἧς
406 3522 441 3579 ἂν
459 3523 591 3592 βούληται
616 3543 686 3596 quse
704 3526 790 3580 verba
807 3526 860 3580 etei
878 3526 908 3578 in
925 3525 1089 3580 recentioris
1106 3525 1205 3579 aetatis
1222 3524 1312 3578 titulis
1335 3524 1445 3578 demum

270 3617 405 3682 usurpata
422 3617 494 3679 aunt,
511 3617 605 3666 tamen
623 3613 707 3668 etiem
726 3617 791 3666 ante
809 3611 839 3666 id
851 3616 968 3681 tempus,
986 3612 1148 3681 prinsquam
1167 3611 1287 3664 civitatis
1305 3609 1445 3664 demetam

270 3701 368 3768 κύριον
386 3701 471 3764 esset,
490 3699 592 3752 civium
610 3700 671 3754 iura
689 3698 805 3768 adipisci
823 3715 878 3752 uon
895 3698 1004 3753 licuisse
1023 3703 1238 3751 consentaneum
1257 3699 1324 3766 est);
1342 3695 1447 3764 quade

270 3801 301 3838 re
319 3783 385 3852 quid
404 3800 501 3838 censae
519 3783 617 3850 fuerit,
642 3801 692 3838 cur
716 3785 835 3838 Athenis
858 3789 1032 3854 praesentem
1055 3785 1208 3854 phratriam
1232 3784 1335 3853 eligere
1359 3783 1446 3835 civem

270 3887 372 3925 novum
390 3873 540 3939 oporteret,
557 3887 613 3924 non
630 3871 770 3940 intellego.

358 3956 380 4024 ³)
405 3955 469 4010 Hoc
493 3973 528 4011 ne
551 3957 633 4011 nimis
656 3961 756 4028 urgeat
777 3957 861 4012 velim
883 3973 934 4012 cur
951 3957 1144 4020 Athenienses,
1168 3958 1191 4010 ei
1214 3956 1316 4010 mutari
1339 3970 1446 4007 sensum

271 4043 431 4108 noluissent,
455 4044 540 4097 verbe
557 4045 733 4099 mutaverint.
770 4043 813 4098 Ee
831 4044 905 4098 enim
923 4047 964 4096 est
983 4043 1129 4097 titulorum
1148 4043 1282 4108 condicio,
1307 4047 1338 4094 ut
1354 4040 1384 4092 in
1402 4038 1447 4092 de·

271 4129 354 4182 cretis
379 4128 584 4184 conscribendis
609 4131 697 4184 multo
722 4129 805 4184 latius
829 4130 951 4199 patuisse
978 4129 1150 4198 singulorum
1177 4129 1338 4190 arbitrium,
1365 4141 1446 4194 qnam

272 4219 365 4268 nostra
383 4219 473 4269 aetate
492 4216 609 4286 cogitari
627 4220 728 4286 potest,
746 4216 830 4270 facile
848 4219 987 4286 appareat.
1015 4213 1087 4270 Nam
1106 4233 1141 4270 ne
1152 4215 1325 4269 Dittmarum
1337 4211 1447 4280 quidem

271 4304 339 4368 puto
358 4317 468 4354 caueam
486 4301 585 4355 afferre
602 4319 682 4370 posse
706 4319 755 4355 cur
773 4302 957 4355 Athenienses
981 4301 1143 4371 proverbia
1165 4300 1229 4354 τοῠι·
1252 4295 1399 4366 προέδρους
1423 4297 1447 4346 οἳ

270 4383 305 4436 ἂν
323 4383 421 4448 λάχωσι
438 4384 611 4456 προεδρεύειν
628 4392 724 4456 postea
741 4386 803 4444 rotis
821 4385 952 4450 λαχόντος
969 4383 1118 4458 προέδρους
1138 4403 1189 4456 pro
1208 4385 1327 4440 formula
1345 4385 1381 4438 εἰς
1399 4381 1445 4448 τὴν
