3128 5128
701 390 915 450 ..38-

220 563 370 639 cardiacis
396 574 461 638 ταῖς
487 561 562 645 περὶ
585 559 725 647 Λάχητα,
753 554 823 624 ὅσαι
852 556 930 621 κατὰ
956 555 1030 633 ταας
1051 555 1167 638 νόμους
1185 553 1329 622 δέδονται
1351 557 1399 620 sic

218 677 426 757 interpretor:
456 678 493 737 ut
518 677 623 736 essent
652 672 696 736 eis
723 670 826 734 eidem
854 669 1002 752 honores,
1031 669 1087 751 qui
1108 667 1245 732 Lacheti
1267 689 1398 750 quoque

219 789 396 869 ceterisque
422 786 560 868 syndicis
590 788 695 850 essent
713 781 839 864 collati,
870 780 966 844 modo
996 801 1036 843 ne
1067 783 1180 843 contra
1209 779 1295 862 leges
1326 780 1400 844 dati

219 904 324 964 essent
343 899 393 963 vel
414 899 536 981 potius:
568 900 727 978 quatenus
748 915 811 958 non
841 897 952 956 contra
976 892 1063 974 leges
1086 891 1156 956 dati
1177 896 1298 972 essent;
1325 891 1399 956 fieri

219 1011 303 1074 enim
325 1011 431 1093 potuit
448 1014 486 1072 ut
507 1008 629 1072 decreti
652 1005 856 1088 syndicorum
871 1025 969 1068 causa
983 1003 1061 1068 facti
1075 1008 1189 1068 auctor
1204 1003 1400 1090 παρανόμων

218 1126 424 1187 accusaretur
436 1142 537 1203 eaque
553 1126 651 1183 causa
663 1119 722 1184 sub
735 1117 840 1181 iudice
852 1121 950 1197 esset;
967 1116 1153 1181 adiecerunt
1166 1116 1265 1198 igitur
1277 1115 1399 1198 pagani

219 1255 291 1298 eam
319 1233 537 1297 condicionem
564 1227 878 1316 (ὅσαι-δέδονται),
907 1249 947 1292 ne
975 1228 1014 1292 de
1035 1227 1092 1291 illa
1117 1249 1153 1291 re
1174 1227 1401 1310 praeiudicare

217 1346 410 1410 viderentur.
446 1343 583 1407 Frustra
606 1347 715 1406 autem
735 1341 882 1404 Dittmar
904 1339 1008 1404 verbis
1033 1336 1301 1420 sordulentum
1324 1360 1404 1402 eam

210 1457 281 1521 ¹vim
301 1456 431 1520 subesse
449 1475 543 1537 posse
562 1453 748 1538 negavit(p.
769 1451 857 1537 218),
879 1451 918 1515 cf.
934 1450 1105 1515 Demosth.
1121 1449 1262 1515 Androt.
1284 1473 1316 1534 p.
1332 1455 1400 1515 606

136 1589 137 1594 ’
218 1567 247 1631 εἰ
266 1565 344 1630 κατὰ
366 1564 439 1642 τούς
455 1559 567 1646 νόμους
581 1565 617 1628 τὸ
633 1563 786 1650 ψήφισμα
808 1557 896 1627 εἶπεν
917 1563 937 1627 i.
954 1583 981 1627 e.
997 1584 1074 1627 num
1096 1583 1159 1627 non
1179 1567 1292 1626 contra
1309 1563 1402 1644 leges

217 1679 416 1760 rogationem
445 1675 575 1758 tulerit,
612 1699 690 1740 num
723 1677 809 1759 leges
838 1675 1054 1740 observaverit
1080 1674 1286 1762 (quaeritur).
1330 1673 1402 1739 Sed

217 1791 282 1853 iam
303 1790 345 1854 ad
365 1789 513 1853 nltimam
536 1788 828 1873 disputatiunculae
846 1793 975 1852 nostrae
993 1791 1118 1869 partem
1136 1783 1233 1850 liceat
1248 1785 1400 1852 transire.

776 2044 839 2114 VI.

531 2218 585 2284 De
610 2234 768 2285 coronae
790 2218 1080 2285 renuntIatione.

302 2388 450 2456 Coronae
471 2389 573 2453 honos
595 2410 668 2453 cum
688 2409 746 2470 per
775 2409 809 2452 se
840 2389 944 2454 inanis
972 2409 1011 2453 ac
1038 2389 1116 2453 levis
1147 2389 1248 2454 videri
1276 2397 1401 2474 posset,

216 2501 345 2586 publice
365 2522 423 2584 per
445 2521 635 2584 praeconem
657 2501 859 2564 renuntiatus
882 2509 915 2565 et
936 2501 1064 2566 decreto
1093 2503 1127 2566 in
1156 2502 1264 2585 lapide
1294 2503 1402 2569 inciso

216 2614 364 2678 omnibus
397 2611 587 2693 aequalibus
618 2614 821 2694 posterisque
855 2615 1039 2696 propositus
1076 2635 1231 2697 magnum
1266 2615 1401 2681 virtutis

215 2725 394 2808 praemium
408 2726 720 2804 instrumentumque
738 2745 776 2787 ac
795 2724 1022 2789 documentum
1042 2725 1146 2790 laudis
1167 2747 1264 2808 grave
1286 2725 1400 2792 fiebat.

215 2836 334 2919 Itaque
349 2835 565 2900 Athenienses
580 2838 645 2900 iam
657 2836 735 2898 satis
752 2836 892 2917 antiquis
908 2837 1106 2917 temporibus
1122 2858 1255 2902 coronas
1267 2839 1401 2920 publice
1433 2914 1439 2924 Ι

215 2948 461 3032 proclamandas
481 2948 702 3028 honorumque
725 2947 855 3012 decreta
877 2947 909 3010 in
930 2948 1091 3031 lapidibus
1111 2948 1283 3012 incidenda
1304 2970 1401 3013 cura

215 3061 368 3138 verunt.¹)
406 3057 497 3140 Quae
518 3080 591 3122 cum
612 3061 645 3122 in
667 3059 850 3123 universum
873 3061 951 3124 satis
974 3065 1051 3123 nota
1069 3061 1143 3142 sint,
1166 3061 1232 3142 ubi,
1255 3061 1401 3144 quando,

216 3191 281 3252 qua
302 3171 427 3234 ratione
450 3190 585 3234 coronae
607 3170 809 3235 renuntiatae
839 3172 912 3252 sint,
943 3177 1093 3236 accurate
1123 3172 1305 3254 expositum
1327 3193 1401 3238 esse

215 3281 356 3346 nondum
390 3281 528 3345 videtur.
571 3280 668 3345 Hanc
696 3283 797 3364 igitur
831 3286 1051 3366 quaestionem
1082 3284 1287 3348 tractandam
1316 3285 1401 3350 mihi

216 3394 306 3476 elegi,
336 3415 400 3457 non
429 3393 516 3474 quod
545 3394 712 3458 intricatas
737 3396 804 3458 eius
833 3395 1039 3460 difficultates
1070 3396 1193 3460 solvere
1222 3417 1272 3461 me
1300 3417 1401 3478 posse

215 3503 417 3586 confiderem,
441 3505 497 3569 sed
512 3505 599 3586 quod
620 3505 669 3570 vel
690 3527 877 3588 percensere
900 3507 1021 3588 titulos,
1041 3508 1184 3573 conferre
1203 3509 1400 3592 scriptorum

214 3621 358 3680 veterum
380 3616 571 3698 testimonia,
603 3617 743 3699 denique
765 3618 859 3699 quasi
879 3620 1048 3682 materiam
1071 3641 1223 3704 aggerare
1245 3621 1400 3704 viamque

214 3728 338 3792 munire
357 3747 420 3790 non
436 3728 549 3792 inutile
565 3749 632 3792 esse
651 3729 845 3794 iudicabam.
890 3728 1003 3812 Atque
1023 3737 1060 3794 ut
1081 3732 1201 3814 primos
1224 3732 1400 3798 audiamus

214 3844 311 3904 testes
340 3839 531 3904 certissimos
561 3861 598 3902 ac
626 3841 821 3924 verissimos,
851 3843 916 3905 iam
945 3842 1115 3906 titulorum
1145 3863 1255 3908 eorum
1277 3845 1400 3926 quibus

215 3973 332 4016 corona
360 3949 487 4034 publice
517 3953 731 4017 renuntianda
761 3975 781 4016 a
811 3954 929 4036 populo
951 3955 1200 4020 Atheniensium
1221 3956 1398 4040 confertur,

214 4063 361 4127 tabulam
383 4061 526 4128 afferam.
570 4059 644 4145 Qua
673 4065 705 4128 in
735 4065 849 4129 tabula
870 4071 907 4130 ut
932 4065 1084 4130 Koehleri
1113 4067 1340 4130 auctoritatem
1362 4075 1399 4133 et

214 4174 394 4257 exemplum
423 4179 552 4240 secutus
581 4175 793 4240 formularum
820 4178 1071 4244 renunciationis
1104 4180 1199 4262 quasi
1224 4179 1397 4245 historiam

219 4307 422 4316 —-.-—.

300 4370 322 4440 ¹)
340 4369 376 4427 os.
393 4369 519 4427 Koehler
535 4370 652 4428 ΜΔ]
671 4372 764 4444 1119.
784 4375 842 4429 133.
