3128 5128
600 439 643 456 -
687 405 726 473 ffi
771 437 815 456 -

115 574 197 644 satis
219 573 351 661 habuit3
374 598 449 645 nam
466 599 552 662 sane,
576 579 662 664 quod
685 579 765 664 aliis,
790 578 851 646 sibi
871 597 999 666 quoque
1014 575 1188 646 concedere
1208 595 1301 663 posse

114 691 274 774 populum
286 693 476 758 couveniens
487 693 666 758 videbatur.
687 692 762 758 Hae
774 693 984 776 explicatione
997 693 1153 757 maximas
1165 690 1301 756 difficul-

114 809 203 867 tates
225 803 305 867 sclvi
332 825 425 887 posse
454 825 565 886 spero;
596 825 706 869 vereor
736 810 844 869 autem
872 826 911 868 ne
940 803 1086 886 quaestio
1117 803 1156 867 de
1185 825 1301 868 causae

116 913 368 997 Ctesiphonteae
391 913 600 982 fundamento
616 915 658 982 ad
673 916 832 998 liquidum
853 919 923 979 tota
940 914 1072 997 perduci
1090 915 1217 979 omnino
1236 936 1300 979 non

114 1025 229 1108 po'ssit.
274 1025 339 1092 Sed
367 1031 405 1089 ut
438 1028 504 1090 iam
536 1026 631 1092 finem
660 1027 837 1092 disserendi
870 1026 1003 1108 faciam,
1037 1025 1115 1107 quid
1142 1027 1181 1090 de
1212 1047 1300 1090 more

115 1158 253 1202 coronas
282 1139 488 1203 renuntiandi
518 1139 785 1204 demonstravisse
814 1137 893 1201 mihi
922 1137 1049 1219 videar,
1076 1139 1188 1219 paucis
1218 1159 1301 1202 com-

115 1249 257 1332 plectar:
273 1337 275 1343 Ι
290 1249 436 1314 Coronae
457 1249 608 1315 frondeae
630 1273 649 1315 a
672 1249 790 1334 populo
814 1249 909 1313 datae
935 1248 1037 1330 primo
1064 1250 1098 1312 iu
1117 1248 1186 1313 foro
1214 1249 1301 1331 apud

19 1427 20 1436 ,
118 1365 244 1426 statuas
268 1361 518 1443 Eponymorum,
546 1365 659 1444 postea
681 1363 713 1425 in
734 1361 862 1425 comitio
885 1359 1171 1440 renuntiabantur3
1204 1365 1301 1442 atque

117 1472 240 1537 ibidem
256 1474 352 1536 etiam
369 1493 505 1538 coronae
520 1494 654 1554 aureae,
677 1473 737 1536 uisi
753 1471 891 1554 populus
906 1470 985 1536 alibi
1000 1472 1152 1551 iusserat;
1177 1469 1301 1536 solebat

19 1629 20 1688 ,
120 1588 229 1647 autem
253 1583 390 1666 populus
413 1585 515 1666 primo
535 1585 620 1649 ludis
642 1583 846 1666 Dionysiacis
869 1588 926 1646 aut
949 1581 1207 1663 Panathenaicis,
1231 1587 1301 1646 tum

19 1729 20 1736 κ
119 1699 153 1758 et
176 1694 378 1776 Dionysiacis
410 1702 442 1759 et
471 1695 718 1760 Panathenaicis
748 1702 780 1758 et
809 1695 981 1758 Eleusiniis
1013 1695 1060 1781 (et
1090 1691 1300 1777 Ptolemaeis)

111 1805 256 1869 honores
284 1826 397 1887 regum
427 1827 602 1889 regumque
636 1808 812 1871 amicorum
840 1811 873 1869 et
906 1807 1073 1870 nationum
1106 1811 1299 1886 exterarum,

118 1921 307 1998 praetorum
329 1922 361 1980 et
383 1918 649 2000 agonothetarum
673 1924 770 2000 atque
793 1918 868 1982 iude
886 1917 928 1982 ab
944 1917 1047 1982 altera
1065 1923 1157 1999 parte
1180 1917 1300 1982 saeculi

118 2029 208 2091 tertii
230 2029 328 2093 etiam
351 2034 565 2095 cosmetarum
587 2035 619 2095 et
641 2029 839 2112 epheborum
859 2029 1069 2111 proclamare.

532 2497 886 2572 Addendum.

206 2677 279 2740 Iam
300 2676 388 2760 prelo
412 2677 609 2741 subiciebam
628 2700 716 2743 meas
738 2679 890 2762 pagellas,
914 2701 986 2744 cum
1007 2677 1170 2743 decretum
1190 2680 1302 2762 populi

19 2807 20 2832 ³
118 2789 369 2852 Atheniensium
390 2789 572 2870 nuperrime
595 2791 717 2854 editum
739 2790 818 2852 mihi
840 2790 980 2854 innotuit
999 2789 1091 2876 (DA
1116 2794 1154 2853 91
1180 2813 1210 2874 p.
1233 2791 1300 2876 45),

119 2919 185 2982 quo
213 2897 268 2962 ἐπὶ
290 2893 484 2981 Ἡλιοδώρου,
508 2896 661 2982 ἄρχοντος,
684 2932 726 2954 =
753 2899 893 2966 Obiere
923 2904 983 2964 140
1007 2898 1192 2984 Εὕμαρίόαν
1221 2910 1302 2965 Παν-

117 3011 226 3085 κλέους
248 3009 460 3094 Κυδωνιάτην,
485 3009 673 3076 Cretensem
693 3011 872 3092 hominem,
896 3017 1013 3095 χρυσώι
1041 3013 1199 3098 orcadum
1220 3011 1300 3077 nord

118 3118 179 3184 τόν
204 3121 301 3201 νόμον
323 3141 392 3184 esse
415 3125 602 3186 coronatum
624 3121 786 3204 videmus,
809 3144 911 3205 neque
932 3125 1032 3205 igitur
1053 3123 1213 3194 Dittmari
1228 3145 1301 3188 con-

118 3232 254 3312 iectura,
286 3222 384 3313 quam
406 3252 504 3314 supra
523 3231 770 3314 labefactabam,
795 3235 922 3298 omuino
945 3233 1010 3298 iam
1037 3234 1163 3300 defendi
1181 3241 1298 3318 potest,

19 3425 20 3432 ,
119 3342 267 3424 decreta,
297 3343 412 3425 quibus
442 3345 545 3408 exteri
574 3344 698 3408 coronis
726 3345 888 3427 legitumis
912 3351 1085 3428 ornantur,
1119 3347 1211 3411 annis
1242 3345 1293 3414 Ol.

122 3457 376 3536 118,3—123,3
399 3455 611 3521 adscribenda
634 3476 711 3520 esse.
