3128 5128
734 383 944 464 -54--γ

247 551 395 634 detegere
429 558 528 634 atque
564 552 732 618 ostendere
764 553 886 634 noluit,
927 554 983 618 sed
1019 552 1199 636 sophisticis
1236 553 1432 618 ratiunculis

246 684 286 728 ac
314 663 528 728 conviciorum
553 664 690 729 molibus
722 665 940 730 adversarium
973 665 1152 747 opprimere
1183 669 1318 729 conatus
1346 663 1433 727 mira

247 774 389 856 quadam
418 775 579 839 celeritate
608 795 648 839 ne
670 773 776 838 dicam
804 776 935 841 levitate
967 776 1049 841 hanc
1077 781 1203 840 tantam
1230 796 1299 840 rem
1325 780 1435 838 trans-

247 885 336 950 siluit
368 886 470 969 magis
506 907 604 968 quam
642 885 790 950 absolvit.
837 884 949 968 Quid?
981 889 1008 950 si
1042 887 1261 952 adversarium
1294 885 1326 950 in
1359 891 1433 950 tam

246 997 416 1062 manifesto
443 997 609 1062 mendacio
641 997 910 1079 deprehendisset,
938 1020 1016 1062 num
1043 999 1086 1063 ad
1108 1020 1263 1064 nauseam
1274 998 1298 1082 ¹)
1326 987 1433 1080 usque

187 1161 191 1169 .
246 1107 367 1172 iudices
390 1109 507 1173 dehac
529 1129 564 1172 re
584 1108 756 1174 admonere
777 1108 975 1174 omississet?
1007 1109 1156 1191 Accedit,
1189 1110 1275 1192 quod
1303 1109 1435 1192 aliquot

248 1221 339 1284 annis
373 1226 449 1284 ante
481 1219 701 1285 Demcmelem
736 1225 769 1284 et
800 1220 1014 1306 Hyperidem,
1046 1222 1123 1303 quia
1150 1221 1300 1302 eandem,
1330 1242 1434 1303 quam

250 1330 436 1413 Ctesiphon,
459 1332 659 1415 rogationem
680 1331 832 1414 tulerant,
864 1355 884 1396 a
902 1333 1034 1398 Dionda
1055 1333 1094 1398 de
1122 1333 1192 1415 lege
1212 1333 1301 1396 laesa
1321 1338 1434 1415 postu-

246 1443 331 1508 latos
353 1464 422 1508 esse
443 1442 679 1507 Demosthenes
706 1445 774 1526 ipse
802 1445 961 1524 narravit3
975 1443 1002 1529 ἓ)
1035 1465 1100 1526 qua
1122 1465 1156 1508 re
1170 1448 1351 1536 ¹peccatum
1373 1443 1436 1508 ali-

249 1555 328 1637 quid
352 1557 398 1620 eis
420 1554 640 1637 rogationibus
663 1575 732 1619 esse
754 1577 856 1637 paene
878 1557 1042 1622 evincitur.

334 1663 426 1748 Quae
455 1687 528 1730 cum
554 1669 600 1731 ita
624 1669 706 1750 sint,
737 1671 783 1733 sic
812 1667 879 1731 fere
910 1667 950 1732 de
977 1667 1038 1732 hac
1065 1688 1100 1732 re
1129 1665 1335 1732 statuendum
1362 1687 1435 1730 cese

248 1783 344 1860 puto:
368 1778 467 1842 initio
484 1779 602 1844 sacculi
620 1781 728 1861 quarti
745 1779 959 1844 Athenienses
981 1780 1083 1862 legem
1098 1777 1152 1842 τὸν
1174 1775 1239 1842 ὑπὸ
1262 1783 1317 1841 τοῦ
1331 1775 1449 1863 δήμου·

249 1890 497 1974 στεφανούμενον
514 1887 546 1954 ἕν
567 1897 606 1974 τῇ
626 1889 769 1978 ἐκκλησίᾳ
791 1888 1017 1975 ἀνακηρύττειν,
1038 1889 1091 1954 τόν
1113 1891 1140 1954 d'
1157 1886 1222 1954 ὑπὸ
1243 1895 1298 1976 τῆς
1318 1887 1438 1973 βουλῆς

249 1997 281 2063 ἐν
309 2006 355 2084 τῴ
374 2001 588 2086 βουλευτηρίῳ,
612 1999 728 2067 ἄλλοθι
750 2001 783 2067 δὲ
802 2001 949 2087 μηδαμοῦ
969 2008 1143 2066 sanxerunt
1172 2023 1209 2066 ec
1232 1999 1372 2080 consilio,
1393 2005 1437 2064 ut

249 2132 440 2176 coronarum
467 2112 721 2176 renuntiationes
750 2134 770 2177 a
797 2112 866 2178 foro
889 2114 921 2177 in
949 2113 1113 2177 comitium
1136 2113 1209 2199 (aut
1231 2111 1435 2198 senaculum)

247 2223 515 2304 transferrentur3
538 2225 587 2288 ius
603 2229 712 2288 autem
727 2224 800 2288 aliis
821 2246 949 2308 quoque
964 2224 1043 2288 locis
1061 2244 1197 2289 coronas
1214 2222 1435 2304 renuntiandi,

248 2356 446 2417 quamquam
461 2335 578 2417 populo
601 2334 743 2400 adimere
763 2336 947 2417 noluerunt,
969 2341 1076 2401 tamen
1098 2356 1164 2400 non
1183 2339 1376 2416 exceperunt
1398 2341 1437 2398 et

247 2453 460 2528 reservarunt,
485 2447 550 2528 sed,
574 2455 610 2513 ut
632 2453 726 2512 erant
746 2446 959 2512 Athenienses
979 2445 1191 2510 formularum
1213 2465 1308 2528 saepe
1327 2445 1437 2510 minus

248 2556 375 2638 curiosi,
399 2578 510 2622 cavere
532 2559 612 2624 illud
634 2559 820 2640 omiserunt,
843 2559 899 2642 qui
919 2557 1009 2621 illam
1031 2558 1135 2640 legem
1155 2563 1320 2639 rogarunt.
1356 2555 1437 2639 Quo

247 2667 370 2732 factum
400 2673 459 2750 est,
488 2675 534 2750 ut,
565 2671 625 2734 etsi
651 2691 714 2735 non
739 2671 899 2736 sententia
927 2690 965 2733 ac
989 2667 1165 2750 voluntate,
1193 2675 1302 2734 tamen
1326 2669 1438 2735 verbis

247 2778 429 2862 litterisque
458 2781 524 2845 eius
549 2781 629 2864 legis
657 2803 794 2847 coronae
824 2803 844 2846 a
875 2781 995 2864 populo
1022 2781 1120 2845 datae
1144 2779 1178 2844 in
1203 2779 1437 2845 certaminibus

248 2891 424 2956 renuntiari
445 2897 646 2975 vetarentur3
675 2915 777 2976 eaque
796 2894 866 2976 lege
892 2893 935 2957 ad
958 2913 1071 2956 causas
1095 2913 1170 2957 suas
1193 2889 1435 2956 confirmandas

215 3053 218 3057 -
248 3003 405 3068 Aeschini
433 3004 481 3089 (et
508 3003 674 3090 Diondae)
702 3005 751 3068 uti
779 3005 900 3070 liceret.
945 3003 1180 3068 Demosthenes
1210 3009 1328 3083 autem,
1358 3021 1439 3066 cum

247 3114 367 3198 legales
403 3116 604 3197 quaestiones
637 3117 810 3180 maximam
844 3121 970 3198 partem
1002 3114 1208 3198 Ctesiphonti
1245 3111 1438 3178 tractandas

250 3227 469 3307 commisisset,
503 3226 606 3309 legem
634 3227 882 3309 Dionysiacam,
917 3249 983 3310 qua
1016 3247 1207 3291 coronarum
1237 3226 1270 3289 in
1303 3223 1439 3290 theatro

249 3338 520 3422 promulgationes
542 3359 583 3403 ne
613 3340 737 3403 iniussu
766 3338 876 3422 populi
904 3337 1018 3402 fierent
1049 3335 1295 3420 prohibebatur,
1318 3333 1440 3401 afferre

320 3575 343 3644 ¹)
361 3574 624 3646 Praeseriptionem,
641 3577 815 3646 antiquatam
828 3591 886 3629 esse
899 3574 1047 3629 Aeschinis
1059 3575 1198 3630 actionem
1209 3591 1242 3628 ac
1254 3573 1439 3642 reiciendum,

172 3701 175 3706 ·
248 3661 406 3731 septuagies
424 3662 467 3716 bis
485 3662 687 3718 Demosthenes
705 3662 833 3718 adhibuit
853 3658 896 3731 (τὸ
915 3657 1151 3730 παραγραφνκὸν),
1174 3660 1204 3714 id
1222 3658 1370 3728 quodiam
1388 3677 1441 3714 ve·

250 3753 324 3802 teres
342 3748 433 3802 critici
453 3752 595 3803 notarunt.
623 3749 658 3803 cf.
678 3749 820 3814 δαμοσίαν,
837 3747 981 3802 Demosth.
999 3745 1061 3802 111²
1078 3765 1105 3815 p.
1123 3747 1175 3800 290
1192 3750 1251 3800 not.
1271 3747 1294 3799 1.

318 3833 340 3898 ²)
358 3833 402 3888 Ds
421 3851 513 3890 coron.
533 3834 549 3905 ξ
566 3835 705 3889 asa-aar
722 3835 762 3903 (p.
781 3834 941 3900 aon-304).

316 3918 376 3974 Iam
396 3924 478 3974 autes
495 3920 671 3975 Aristonicus
689 3919 765 3974 idem
782 3922 942 3989 rogaveram
969 3935 1040 3987 quas
1063 3915 1172 3986 rogatio
1189 3916 1268 3970 nullo
1286 3915 1440 3970 resistente

145 3999 149 4008 ’
246 4005 355 4075 perlata
372 4023 430 4060 esse
448 4006 561 4062 videtur

316 4091 361 4161 (ἐξ
376 4093 417 4147 83.
430 4093 507 4159 ἓὲὃ),
525 4091 674 4146 manifesto
694 4091 768 4144 enim
786 4091 899 4158 erravit,
918 4090 966 4159 qui
980 4090 1051 4144 vitas
1063 4088 1092 4142 X
1104 4091 1246 4143 oratorum
1259 4085 1439 4154 conscripsit,

246 4193 274 4245 p.
292 4178 374 4231 8480.
396 4178 465 4245 (vila
482 4177 662 4232 Demosthen.
681 4176 732 4230 sub
750 4175 810 4230 fim:
833 4176 941 4246 πρῶτον
959 4171 982 4226 δ’
996 4177 1098 4245 ἔγραψε
1116 4173 1328 4242 στεφανωθῆναι
1346 4168 1438 4224 αὐτὸν

121 4252 148 4282 ’“·
245 4261 346 4330 χρνοώι
382 4259 517 4332 στεφάνων
545 4262 722 4332 Ἀριστόνικος
754 4259 940 4332 Νικοκράτους
968 4259 1171 4329 Ἀναγυράσιος,
1207 4255 1375 4325 ὑπωμόσατο
1407 4253 1438 4310 δὲ

142 4393 153 4423 3.
245 4341 394 4418 Διώνδας.)
