3128 5128
657 395 866 455 ..39-

168 561 409 644 adumbrarem,
432 562 540 644 quoad
558 561 628 626 fieri
642 563 750 644 potuit
767 563 906 646 integras
923 585 976 628 eas
992 565 1153 647 exscripsi.
1199 563 1354 647 Separavi

169 677 280 738 autern
296 695 316 738 a
331 673 446 738 ceteris
467 694 506 738 ea
527 673 666 755 decreta,
690 695 774 756 quae
796 675 838 738 ad
857 674 1001 740 homines
1022 695 1095 740 rere
1120 675 1204 740 cives
1226 671 1354 760 (ἁπλῶς

169 787 305 862 πολίτας
331 790 368 849 ut
395 784 595 850 Aristotelea
607 784 633 870 ¹)
665 806 742 850 voce
769 788 855 870 utar)
878 785 899 850 i.
924 808 950 851 6.
981 790 1038 849 6111
1066 786 1109 850 ad
1138 785 1351 852 Athenienses

169 901 243 961 ortu
266 893 372 980 (γένει)
403 895 523 961 autad
544 917 598 960 eos
621 896 813 979 peregrinos,
844 899 900 979 qui
928 899 997 961 iure
1020 897 1159 962 civitatis
1186 898 1228 962 ab
1250 898 1352 964 Athe

168 1008 334 1072 niensibus
357 1007 478 1071 donato
498 1008 549 1070 usi
569 1007 603 1070 in
624 1006 787 1089 phratrias
809 1009 871 1072 rite
894 1009 1013 1092 recepti
1029 1015 1129 1092 erant,
1143 1011 1168 1092 2)
1191 1009 1351 1092 pertinere

166 1119 333 1200 videntum
363 1119 605 1201 peregrinorum
628 1123 701 1182 ortu
724 1120 888 1184 hominum
910 1141 963 1185 eos
986 1121 1041 1202 qui
1064 1122 1148 1186 cirea
1169 1122 1234 1184 iam
1255 1127 1351 1186 antea

166 1231 248 1295 sacti
279 1235 384 1312 erant,
416 1229 500 1294 cives
530 1229 645 1312 factos,
676 1232 732 1313 qui
762 1233 832 1314 ipso
862 1253 998 1295 coronae
1029 1232 1158 1296 decreto
1189 1233 1351 1297 civitatem

166 1361 298 1424 quoque
321 1345 513 1423 acceperunt
542 1341 625 1406 cives
648 1363 746 1407 novos
769 1342 937 1425 appellari,
968 1343 1164 1425 compendiis
1182 1344 1232 1408 his
1255 1366 1348 1410 usus:
1414 1364 1418 1372 ·

165 1475 195 1518 c.
218 1453 241 1518 f.
265 1457 399 1517 61611.
443 1451 486 1516 Ei
508 1453 592 1516 enim
615 1451 830 1540 ὄρμοαοίηιοι,
860 1454 916 1536 qui
939 1453 1059 1519 civibus
1081 1454 1227 1537 phratria
1250 1457 1350 1523 electa

165 1564 397 1631 adscribendos
420 1569 452 1628 et
471 1563 504 1627 in
526 1569 600 1628 acta
623 1585 706 1646 quae
727 1565 925 1630 vocabantur
947 1577 1145 1650 γραμματεῖα
1167 1567 1350 1654 ληξιαρχικὰ

163 1677 350 1743 referendos
366 1697 400 1740 se
417 1699 479 1740 non
501 1681 694 1741 curaverant
716 1678 809 1759 quasi
824 1677 966 1742 medium
982 1678 1141 1760 quendam
1162 1680 1246 1745 inter
1266 1681 1349 1747 cives

165 1811 206 1854 ac
232 1789 416 1874 peregrinos
446 1788 591 1853 ordinem
619 1788 790 1870 locumque
819 1789 994 1855 obtinuisse
1023 1789 1213 1878 videntur.⁸)
1260 1791 1349 1858 ΟΠ

166 1905 230 1965 275
259 1900 301 1966 ad
333 1901 433 1966 civem
462 1921 503 1964 an
531 1900 573 1964 ad
601 1921 720 1964 novum
750 1901 851 1963 civem
878 1900 1052 1984 pertineat,
1087 1901 1257 1968 diiudicari
1285 1925 1349 1969 non

164 2017 292 2097 potest3
316 2012 395 2076 mihi
417 2011 619 2077 verisimilius
642 2013 746 2076 visum
767 2011 829 2075 hoc
851 2017 910 2075 661.

251 2121 386 2189 Silentio
408 2130 516 2189 autem
538 2123 713 2207 praeterire
739 2129 887 2206 parerat
914 2144 1048 2188 coronas
1070 2122 1235 2206 frondeas3
1263 2147 1347 2209 quae

163 2240 203 2300 ut
223 2236 488 2300 renuntiarentur
510 2257 671 2318 nusquam
692 2235 725 2300 in
751 2235 888 2300 decretis
914 2235 1027 2319 populi
1046 2241 1255 2319 praeceptum
1278 2259 1346 2303 esse

164 2346 318 2411 ridemus.
363 2345 427 2412 Sed
447 2347 511 2411 iam
532 2349 636 2430 ipsam
657 2347 753 2411 velim
775 2346 922 2412 tabulam
943 2348 1103 2430 inspicias.

252 2457 366 2522 Pauca
388 2458 430 2522 ad
452 2459 535 2522 hanc
557 2457 704 2523 tabulam
725 2458 879 2524 adnotare
901 2460 980 2524 mihi
1001 2459 1113 2524 liceat:

209 2569 224 2626 l'
255 2573 283 2633 1.
315 2567 342 2634 (1
370 2569 388 2632 I
415 2574 455 2634 59
483 2568 684 2635 Koehlerum
708 2567 865 2656 (MchJ
887 2570 946 2635 III
976 2593 1007 2653 p.
1034 2571 1111 2658 133)
1140 2577 1227 2637 recte
1255 2575 1345 2638 resti·

137 2681 141 2688 ’
164 2681 265 2744 1111666
286 2685 374 2763 pute,
397 2681 594 2764 quamquam
616 2682 715 2746 rerba
743 2704 773 2764 q.
805 2703 829 2746 s.
860 2680 1001 2748 ἀνειπεῖν
1029 2682 1082 2746 τόν
1103 2682 1218 2770 κήρυκα
1239 2685 1273 2747 in
1292 2684 1345 2748 de-

165 2793 260 2857 cretis
281 2793 393 2875 populi
413 2792 519 2875 legere
541 2813 593 2856 me
615 2814 677 2857 non
700 2795 845 2875 memini;
877 2795 933 2859 sed
956 2817 994 2858 ea
1014 2799 1119 2859 aetate
1143 2816 1208 2876 qua
1229 2795 1343 2859 titulus

165 2905 364 2986 conscriptus
394 2910 459 2986 est,
493 2908 642 2968 constans
671 2925 709 2968 ac
739 2905 899 2969 sollemnis
929 2927 1006 2970 usus
1039 2906 1166 2970 dicendi
1201 2907 1344 2970 nondum

252 3160 272 3228 ¹)
290 3159 412 3214 Politica
428 3159 478 3214 III
496 3161 510 3214 l
529 3178 556 3230 p.
576 3162 651 3216 1275.

251 3245 274 3314 ⁹)
292 3245 356 3300 Hoc
373 3245 403 3299 in
419 3263 536 3300 numero
554 3245 637 3300 fuisse
656 3247 781 3316 suspicor
798 3247 948 3302 Thraseam
960 3248 1027 3301 Acti
1045 3247 1064 3300 f.
1077 3247 1230 3302 Ptolemaei
1242 3248 1342 3318 (Euer-

163 3333 278 3402 getael)
295 3331 370 3402 regis
392 3333 529 3399 amicum,
548 3332 602 3402 [qui
621 3333 795 3387 Ptolemaida
819 3334 926 3386 tribum
949 3350 1107 3402 pagumque
1124 3333 1242 3400 Phlyam
1259 3334 1345 3404 elegit

162 3417 198 3484 (G
217 3417 250 3472 II
267 3419 346 3486 383);
365 3418 439 3472 idem
457 3419 551 3472 nescio
569 3437 605 3472 an
622 3423 703 3488 pater
720 3419 805 3472 fuerit
824 3421 883 3473 eius
900 3419 1052 3473 Ptolemaei
1065 3419 1203 3473 Thraseae
1221 3420 1240 3474 f.
1259 3436 1342 3487 quem
1449 3419 1450 3422 ’

161 3505 296 3572 Polybius
320 3509 519 3558 commemorat
541 3504 622 3566 Vbd
647 3505 819 3560 611111οΗ
843 3507 911 3559 1890
936 3523 963 3574 p.
982 3508 1040 3559 587.
1077 3504 1134 3558 Sed
1157 3508 1189 3556 ut
1215 3505 1341 3559 omnibus

162 3590 246 3643 certis
269 3591 414 3658 praesidiis
438 3591 473 3644 ad
499 3591 553 3646 hoc
577 3609 664 3660 genus
689 3591 792 3645 civium
810 3591 1010 3645 secernendum
1029 3591 1178 3644 destitutus
1196 3608 1254 3644 esse
1272 3592 1341 3645 mihi

160 3674 259 3728 videor
283 3677 327 3743 (ut
351 3672 515 3744 Χαρίδημον
541 3674 686 3736 Φιλοξένου
703 3675 828 3748 Ἀχαρνέα
856 3677 939 3747 [ΟΠ
963 3678 1012 3729 741
1038 3675 1206 3729 eKoehleri
1229 3679 1341 3731 restitu-

160 3760 248 3829 tione]
267 3777 323 3813 non
341 3761 427 3814 fuisse
445 3764 517 3830 γένει
534 3760 657 3826 πολίτην,
683 3763 737 3817 nisi
761 3764 973 3818 celeberrimum
997 3762 1076 3815 illum
1095 3761 1194 3815 ducem
1216 3763 1340 3817 Orcttam
1370 3793 1372 3800 ν

157 3845 244 3900 luisse
270 3863 302 3900 ao
331 3848 444 3902 civitate
471 3850 605 3902 donatum
630 3851 802 3917 meminerit,
826 3867 908 3903 nemo
926 3848 1075 3917 divinabit)
1102 3848 1142 3900 ita
1170 3849 1271 3901 ceteris
1289 3865 1336 3902 eos

159 3931 317 3987 immiscere
334 3934 410 3988 licet.
439 3933 488 3988 Eis
506 3935 580 3988 enim
598 3935 707 4005 legibus
720 3952 790 4004 quae
802 3935 837 3989 ad
850 3952 1013 3988 coronarum
1025 3935 1143 3987 honores
1154 3933 1340 4002 pertinebant,

159 4033 249 4085 aeque
265 4035 299 4072 ae
317 4023 424 4074 eeteros
441 4037 487 4074 eos
504 4021 643 4075 subiectos
661 4021 745 4074 fuisse
763 4038 857 4075 omnes
875 4021 1037 4078 concedent.

247 4103 271 4172 ⁸)
288 4106 366 4158 velut
383 4123 463 4176 reges
480 4107 598 4175 Bospori
617 4107 651 4162 ef.
670 4106 781 4176 Leptin.
806 4106 873 4178 §29
896 4125 923 4176 p.
942 4109 1009 4161 466:
1036 4105 1190 4176 ἀφαιρεῖται
1208 4109 1254 4155 καὶ
1270 4103 1339 4158 Δαί-

156 4208 235 4242 κωνα
257 4187 308 4241 τὸν
330 4187 451 4259 ἄρχοντα
469 4190 617 4262 Βοσπόρου
640 4195 685 4242 καὶ
706 4190 769 4248 τοὺς
786 4190 881 4248 παῖδας
905 4191 989 4246 αὐτοῦ
1011 4191 1062 4258 τὴν
1080 4189 1184 4263 δωρεὰν
1208 4188 1241 4256 ἣν
1264 4191 1339 4257 ὑμεῖς

158 4271 233 4326 ἔοότ’
244 4277 342 4332 αὐτοῖς.
366 4278 422 4328 ἔστι
438 4275 491 4349 γὰρ
507 4279 579 4346 γένει
597 4273 682 4342 δήπου
700 4276 838 4330 ὃΔεύιιων
855 4277 939 4338 ξένος,
956 4279 990 4344 τῇ
1007 4275 1036 4330 δὲ
1053 4276 1122 4350 παρ’
1133 4277 1211 4344 ὑμῶν
1228 4276 1337 4344 ποιήσαι

155 4357 276 4426 aalma
