3128 5128
751 411 945 471 „4-

259 582 424 660 cerentur;
459 577 517 644 sed
549 578 579 644 ei
613 583 689 643 sunt
717 578 854 644 honores
883 579 1004 645 insoliti
1025 599 1066 644 ao
1088 577 1281 662 singulares,
1310 597 1374 642 non
1396 595 1439 639 ex

258 687 330 772 lege
356 694 414 758 aut
441 691 672 757 consuetudine
702 691 758 756 sed
788 696 900 774 sponte
931 691 1040 757 collati
1067 712 1171 774 neque
1199 711 1273 756 cum
1295 689 1351 753 illo
1373 708 1438 752 usu

258 801 343 872 viros
365 801 405 868 de
420 824 456 868 re
478 803 609 889 publica
630 803 711 869 bene
733 805 864 870 meritos
884 803 1058 869 coronandi
1078 803 1259 869 debuerunt
1274 799 1436 868 confundi.

259 911 352 996 Quae
386 935 460 980 cum
482 914 531 980 ita
553 917 633 996 sint,
666 935 730 979 non
766 921 831 998 est,
866 937 923 981 cur
953 935 1017 980 non
1044 915 1214 980 credamus
1242 913 1399 979 Aeschini
1411 911 1438 992 ¹)

259 1023 452 1110 Miltiadem,
472 1025 730 1109 Themistoclem,
753 1025 935 1091 Aristidem
956 1047 977 1091 a
999 1025 1120 1092 civibus
1141 1026 1206 1092 suis
1220 1047 1355 1091 coronas
1372 1045 1437 1089 non

259 1137 430 1222 accepisse.
469 1137 607 1204 Accedit
623 1139 710 1221 qnod
725 1138 884 1204 Periclem
900 1137 1144 1203 celeberrimum
1164 1138 1256 1203 illum
1276 1141 1438 1203 oratorem

205 1257 207 1279 ²
259 1248 537 1333 clarissimumque
555 1250 680 1332 ducem,
702 1271 738 1314 re
760 1271 836 1315 vera
858 1248 1055 1332 oleagina
1077 1270 1194 1314 corona
1215 1269 1284 1315 esse
1308 1248 1438 1314 decora-

259 1365 329 1426 tum
350 1360 518 1445 Lycurgus
530 1361 557 1448 ²)
579 1363 672 1426 testis
694 1367 758 1444 est,
787 1367 826 1426 ut
854 1361 895 1427 de
914 1361 976 1426 hac
993 1362 1122 1444 quidem
1143 1382 1179 1425 re
1200 1361 1265 1426 iam
1288 1360 1438 1426 dubitare

260 1473 313 1565 vix
326 1472 434 1539 liceat.
465 1474 578 1556 Atque
594 1473 693 1538 etiam
709 1494 792 1538 nunc
807 1473 1018 1556 cognoscitur,
1033 1495 1167 1538 coronas
1183 1469 1310 1538 saeculo
1325 1471 1438 1558 quinto

260 1604 324 1648 non
339 1604 408 1649 esse
419 1584 514 1650 dates
529 1584 648 1649 eisdem
663 1583 911 1665 condicionibus,
933 1584 1051 1666 quihus
1065 1589 1180 1668 postea
1194 1583 1266 1650 dari
1281 1583 1438 1664 solebant,

259 1696 347 1761 velut
360 1695 523 1760 Pindarus
537 1701 644 1779 poeta,
667 1695 753 1778 quod
770 1695 921 1762 Athenas
945 1696 1241 1779 „propugnaculum
1259 1693 1435 1762 Graeciae“

260 1807 421 1891 cantavit,
450 1807 604 1893 proxenia
633 1812 666 1871 et
697 1806 807 1872 decem
830 1807 959 1873 milibus
989 1807 1198 1890 drachmum,
1228 1828 1293 1871 non
1321 1827 1439 1872 corona

261 1920 401 1986 donatus
414 1919 509 2002 est,⁸)
530 1919 698 2002 tribusque
720 1918 846 1983 saeculo
869 1920 982 2002 quinto
1004 1925 1037 1985 et
1054 1920 1145 1985 initio
1165 1923 1275 2002 quarti
1298 1919 1439 1984 nondum

261 2037 432 2098 coronatas
455 2052 524 2098 esse
545 2031 691 2114 lapidum
713 2031 904 2096 testimoniis
924 2032 1014 2097 nisus
1038 2031 1147 2096 docuit
1167 2031 1345 2118 Kohler;⁴)
1363 2052 1440 2114 qua-

261 2165 334 2209 rum
356 2143 447 2209 brevi
468 2149 541 2228 post
563 2143 667 2227 primo
690 2143 832 2225 singulas
859 2145 1049 2227 quotannis,
1079 2142 1194 2207 deinde
1221 2163 1330 2208 omncs
1353 2161 1441 2206 coro

263 2276 342 2320 nare
359 2255 497 2339 populus
516 2253 667 2320 assuevit.
708 2252 795 2318 Belli
816 2259 926 2319 autem
947 2253 1215 2338 Peloponnesiaci
1240 2253 1440 2338 temporibus

265 2443 470 2465 -¹---——--—

263 2575 329 2634 δουν
346 2583 391 2630 καί
409 2582 522 2634 ταινίαις
540 2577 627 2649 ὥςπερ
645 2576 771 2646 ἀθλητὴν
788 2582 945 2650 νικηφόρον.
980 2579 1051 2650 Nep.
1070 2579 1198 2635 Alcib.6
1221 2578 1251 2632 id
1275 2579 1350 2648 quod
1373 2596 1441 2633 nun·

263 2682 347 2735 quam
359 2669 441 2720 antea
452 2682 503 2719 usu
514 2668 636 2732 venerat,
650 2665 704 2719 nisi
714 2665 862 2735 Olympiae
871 2665 1034 2732 victoribus,
1053 2665 1161 2720 coronis
1179 2665 1271 2720 aureis
1288 2665 1442 2734 taeniisque

225 2812 228 2821 ,
264 2752 317 2820 (sio
334 2755 412 2806 reete
424 2751 563 2806 Muretus:
583 2751 731 2820 aeneisque
749 2752 823 2821 cdo.)
841 2751 925 2822 vulgo
944 2751 1108 2808 donabatur.
1138 2751 1253 2823 (Taenia
1269 2750 1384 2822 propria
1400 2753 1442 2804 est

264 2853 428 2892 coronarum
440 2837 600 2894 victricium
617 2855 708 2908 neque
726 2855 848 2906 unquam
866 2837 963 2892 addita
980 2837 1027 2904 eis,
1046 2855 1113 2907 quas
1130 2838 1249 2908 populus
1266 2837 1334 2892 viris
1352 2836 1441 2907 dignis

264 2923 379 2978 donavit
397 2922 432 2980 cf.
452 2923 569 2995 Hussey,
586 2925 738 2980 American
756 2923 876 2980 Journal
894 2925 926 2978 ol
942 2923 1138 2995 Archaeolcgy
1158 2925 1225 2978 1890
1242 2941 1269 2992 p.
1288 2925 1322 2976 69
1340 2925 1408 2992 cqc.)

278 3057 282 3064 .
352 3008 664 3080 ι)111(110111)11.ξ181
688 3026 716 3077 p.
734 3009 786 3062 570
808 3007 928 3075 πότερον
949 3007 1016 3075 ὑμῖν
1039 3005 1159 3075 ἀμείνων
1183 3005 1254 3075 ιίνήρ
1279 3005 1348 3058 εἶναι
1372 3003 1445 3057 δοκεῖ

268 3092 446 3162 θεμιστοκλῆς
470 3093 485 3145 ὃ
504 3093 686 3165 στρατηγήσας
711 3091 796 3145 ὅτ’ἐν
815 3090 950 3159 Σαλαμῖνι
972 3099 1108 3162 ναυμαχίᾳ
1130 3091 1181 3146 τὸν
1200 3095 1314 3162 Πίρσην
1337 3093 1442 3144 ἐνικᾶτε

264 3177 483 3247 ἢΔημοσθένης
506 3179 522 3230 d
544 3177 596 3245 τὴν
617 3177 694 3238 τάξιν
717 3176 818 3238 λιπὼν,
844 3175 994 3245 Μιλτιάδης
1017 3177 1101 3246 ὁτὴν
1125 3181 1154 3232 ἐν
1173 3179 1333 3248 Μαραθῶνι
1355 3177 1443 3244 μάχην

264 3263 327 3322 τοὺς
346 3265 501 3338 βαρβάρους
517 3261 627 3330 νικήσας
648 3259 665 3330 ἢ
684 3259 776 3325 οὗτος,
799 3259 954 3334 Ἀριστείδης
978 3264 993 3316 ὁ
1011 3260 1110 3319 δίκαιος
1129 3262 1337 3331 ἐπικαλούμενος
1361 3263 1375 3315 ὃ
1392 3262 1442 3328 τὴν

265 3350 401 3418 α’νόμοιον
418 3352 488 3414 ἔχων
505 3351 663 3412 ἐπωνυμίαν
680 3349 857 3415 Δημοσθένει
863 3367 873 3410 ;
898 3391 903 3404 ,
923 3388 930 3404 .
949 3389 955 3403 .
975 3345 1133 3409 ἐπιδειξάτω
1150 3355 1244 3402 τοίνυν
1262 3350 1442 3415 Δημοσθένης

151 3445 161 3454 “
266 3438 297 3493 ἐν
313 3437 354 3502 τῷ
377 3435 460 3489 αὑτοῦ
483 3434 555 3505 λόγῳ
577 3437 655 3486 cirron
677 3437 828 3503 γέγραπταί
847 3453 911 3486 τινα
933 3433 991 3485 τῶν
1010 3430 1120 3504 ἀνδρῶν
1139 3435 1243 3487 τούτων
1266 3435 1441 3503 στεφανῶσαι.

265 3522 364 3592 (verba
388 3524 428 3574 ἐτι
451 3518 515 3574 δὀἱ
538 3518 594 3572 ἀπὸ
613 3516 700 3585 Φυλῆς
723 3519 860 3588 φεύγοντα
878 3517 928 3570 τὸν
950 3514 1036 3583 δῆμον
1059 3520 1255 3589 καταγαγόντες
1278 3520 1442 3589 emurgiuc,

266 3605 316 3662 ubi
339 3624 373 3662 ex
391 3607 407 3678 ξ
427 3609 477 3662 187
497 3607 554 3662 hui.
573 3623 612 3661 or.
631 3605 771 3674 adscripta
788 3608 880 3671 erent,
904 3605 934 3658 in
951 3608 1060 3658 textum
1083 3605 1255 3675 irrepserunt
1278 3606 1314 3659 ci.
1333 3604 1442 3660 Weidn.

267 3692 386 3847 lilioli)
404 3778 525 3849 Lycur-g.
558 3778 588 3831 in
612 3776 791 3845 Cephisodot.
823 3778 852 3844 (e
885 3777 996 3832 scholiis
1022 3775 1156 3832 Patmiac.
1189 3777 1219 3830 in
1244 3775 1388 3830 Demosth.
1413 3775 1441 3828 in

267 3864 381 3934 Aphob.
398 3863 423 3932 I,
440 3863 505 3918 vide
528 3861 652 3918 BdOH
681 3863 747 3916 1877
770 3881 797 3932 p.
817 3863 880 3930 150)
906 3859 1040 3933 Περικλῆς
1062 3858 1120 3914 δ’ὁ
1147 3861 1243 3928 Σάμον
1266 3865 1311 3913 καί
1333 3863 1443 3930 Αἴγιναν
1545 3889 1546 3904 ι

268 3946 339 4004 ἐλὼν
361 3953 406 4000 καί
427 3945 463 4001 τὰ
482 3945 647 4020 Προπύλαια
670 3952 715 4000 καὶ
737 3945 770 4000 τὸ
792 3944 903 4000 Ὠιδεῖον
927 3952 971 3998 καὶ
993 3946 1025 4000 τὸ
1047 3944 1246 4014 Ἑκατόμπεδον
1270 3942 1443 4011 οἰκοδομήσας

267 4039 313 4086 καί
329 4035 415 4106 μύρια
431 4031 552 4088 τάλαντα
569 4037 606 4090 είς
616 4033 667 4100 τὴν
679 4031 828 4105 ἀκρόπολιν
839 4029 990 4102 ἀνενεγκὼν
1002 4030 1108 4086 θαλλοῦ
1120 4031 1246 4103 στεφάνῳ
1259 4029 1443 4101 ἐστεφανώθη.

356 4121 379 4191 ⁸)
396 4120 513 4177 lecerat.
537 4121 669 4177 Antidoe.
693 4121 710 4192 ᾖ
733 4123 783 4176 166
801 4120 843 4176 ed.
862 4118 955 4174 Turio.
992 4119 1112 4188 (Morem
1135 4135 1272 4190 proxenos
1296 4116 1443 4171 coronandi
1494 4111 1499 4120 '

269 4223 360 4278 nuper
377 4208 487 4277 copiose
504 4207 638 4263 tractavit
655 4207 782 4262 Dittmar
807 4206 858 4275 ,de
876 4205 1093 4260 Atheniensium
1115 4220 1192 4258 more
1210 4207 1319 4258 exteros
1338 4203 1443 4257 coronis

269 4292 382 4363 publice
400 4294 533 4349 ornandi“
554 4293 634 4348 Stud.
653 4292 729 4362 Lips.
748 4293 801 4347 vol.
820 4291 898 4346 XlIl
915 4308 941 4362 p.
960 4293 994 4345 66
1012 4291 1065 4359 eq.)

355 4378 379 4448 ⁴)
397 4377 520 4434 ΜΔ]
537 4377 566 4433 X
583 4396 610 4448 p.
630 4378 800 4448 littoribus
818 4377 881 4432 dico
900 4392 960 4444 eas,
984 4391 1055 4445 quae
1071 4375 1200 4446 prytanis
1217 4373 1330 4429 iunctae
1347 4376 1444 4446 erant).
