<?xml version="1.0" encoding="UTF-8"?>
<!DOCTYPE html PUBLIC "-//W3C//DTD XHTML 1.0 Transitional//EN"
    "http://www.w3.org/TR/xhtml1/DTD/xhtml1-transitional.dtd">
<html xmlns="http://www.w3.org/1999/xhtml" xml:lang="en" lang="en">
 <head>
  <title>
</title>
<meta http-equiv="Content-Type" content="text/html;charset=utf-8" />
  <meta name='ocr-system' content='tesseract 3.04.00' />
  <meta name='ocr-capabilities' content='ocr_page ocr_carea ocr_par ocr_line ocrx_word'/>
</head>
<body>
  <div class='ocr_page' id='page_1' title='image "./decoronarumapud00schmgoog_0044.png"; bbox 0 0 3128 5128; ppageno 0'>
   <div class='ocr_carea' id='block_1_1' title="bbox 625 467 834 538">
    <p class='ocr_par' dir='ltr' id='par_1_1' title="bbox 625 467 834 538">
     <span class='ocr_line' id='line_1_1' title="bbox 625 467 834 538; baseline 0.005 -18"><span class='ocrx_word' id='word_1_1' title='bbox 625 467 834 538; x_wconf 73' lang='lat'>-35..</span> 
     </span>
    </p>
   </div>
   <div class='ocr_carea' id='block_1_2' title="bbox 134 639 1317 2069">
    <p class='ocr_par' dir='ltr' id='par_1_2' title="bbox 135 639 1317 1066">
     <span class='ocr_line' id='line_1_2' title="bbox 137 639 1317 730; baseline 0.003 -22"><span class='ocrx_word' id='word_1_2' title='bbox 137 649 262 712; x_wconf 87' lang='lat' dir='ltr'>cretum</span> <span class='ocrx_word' id='word_1_3' title='bbox 289 639 341 712; x_wconf 89' lang='lat' dir='ltr'>Ol.</span> <span class='ocrx_word' id='word_1_4' title='bbox 374 647 465 711; x_wconf 74' lang='lat' dir='ltr'>luas</span> <span class='ocrx_word' id='word_1_5' title='bbox 487 642 661 730; x_wconf 89' lang='lat' dir='ltr'>antiquius,</span> <span class='ocrx_word' id='word_1_6' title='bbox 692 667 756 730; x_wconf 93' lang='lat' dir='ltr'>quo</span> <span class='ocrx_word' id='word_1_7' title='bbox 777 645 837 712; x_wconf 84' lang='lat' dir='ltr'>civi</span> <span class='ocrx_word' id='word_1_8' title='bbox 859 640 1050 712; x_wconf 74' lang='lat' dir='ltr'>Atheniensi</span> <span class='ocrx_word' id='word_1_9' title='bbox 1072 665 1189 712; x_wconf 88' lang='lat' dir='ltr'>corona</span> <span class='ocrx_word' id='word_1_10' title='bbox 1219 664 1317 713; x_wconf 87' lang='lat' dir='ltr'>aurea</span> 
     </span>
     <span class='ocr_line' id='line_1_3' title="bbox 135 757 1317 840; baseline 0.001 -20"><span class='ocrx_word' id='word_1_11' title='bbox 135 757 212 822; x_wconf 76' lang='lat' dir='ltr'>nord</span> <span class='ocrx_word' id='word_1_12' title='bbox 235 757 293 824; x_wconf 77' lang='grc' dir='ltr'>τόν</span> <span class='ocrx_word' id='word_1_13' title='bbox 310 759 407 840; x_wconf 81' lang='grc' dir='ltr'><strong><em>νόμον</em></strong></span> <span class='ocrx_word' id='word_1_14' title='bbox 424 757 543 822; x_wconf 91' lang='lat' dir='ltr'>collata</span> <span class='ocrx_word' id='word_1_15' title='bbox 565 763 656 840; x_wconf 88' lang='lat' dir='ltr'>esset,</span> <span class='ocrx_word' id='word_1_16' title='bbox 676 758 818 822; x_wconf 91' lang='lat' dir='ltr'>nondum</span> <span class='ocrx_word' id='word_1_17' title='bbox 833 759 1044 839; x_wconf 77' lang='lat' dir='ltr'>inveniretur3</span> <span class='ocrx_word' id='word_1_18' title='bbox 1067 757 1191 822; x_wconf 92' lang='lat' dir='ltr'>nullum</span> <span class='ocrx_word' id='word_1_19' title='bbox 1209 763 1317 822; x_wconf 89' lang='lat' dir='ltr'>autem</span> 
     </span>
     <span class='ocr_line' id='line_1_4' title="bbox 136 867 1315 952; baseline 0.003 -19"><span class='ocrx_word' id='word_1_20' title='bbox 136 868 301 934; x_wconf 87' lang='lat' dir='ltr'>decretum</span> <span class='ocrx_word' id='word_1_21' title='bbox 321 876 394 952; x_wconf 93' lang='lat' dir='ltr'>post</span> <span class='ocrx_word' id='word_1_22' title='bbox 416 869 469 937; x_wconf 91' lang='lat' dir='ltr'>Ol.</span> <span class='ocrx_word' id='word_1_23' title='bbox 488 873 549 934; x_wconf 83' lang='lat'>118</span> <span class='ocrx_word' id='word_1_24' title='bbox 565 869 743 934; x_wconf 88' lang='lat' dir='ltr'>confectum</span> <span class='ocrx_word' id='word_1_25' title='bbox 766 892 835 934; x_wconf 91' lang='lat' dir='ltr'>esse</span> <span class='ocrx_word' id='word_1_26' title='bbox 855 871 911 935; x_wconf 91' lang='lat' dir='ltr'>ubi</span> <span class='ocrx_word' id='word_1_27' title='bbox 934 871 1065 936; x_wconf 88' lang='lat' dir='ltr'>daretur</span> <span class='ocrx_word' id='word_1_28' title='bbox 1087 891 1203 934; x_wconf 86' lang='lat' dir='ltr'>corona</span> <span class='ocrx_word' id='word_1_29' title='bbox 1223 867 1315 936; x_wconf 79' lang='grc' dir='ltr'>ἄπό.</span> 
     </span>
     <span class='ocr_line' id='line_1_5' title="bbox 135 979 1038 1066; baseline 0.002 -22"><span class='ocrx_word' id='word_1_30' title='bbox 135 979 289 1066; x_wconf 75' lang='grc' dir='ltr'><em>δραχμῶν</em></span> <span class='ocrx_word' id='word_1_31' title='bbox 308 982 406 1045; x_wconf 91' lang='lat' dir='ltr'>etiam</span> <span class='ocrx_word' id='word_1_32' title='bbox 427 987 525 1063; x_wconf 76' lang='lat' dir='ltr'>atqde</span> <span class='ocrx_word' id='word_1_33' title='bbox 548 981 646 1045; x_wconf 87' lang='lat' dir='ltr'>etiam</span> <span class='ocrx_word' id='word_1_34' title='bbox 669 980 821 1046; x_wconf 89' lang='lat' dir='ltr'>confirmo</span> <span class='ocrx_word' id='word_1_35' title='bbox 844 987 877 1047; x_wconf 87' lang='lat' dir='ltr'>ct</span> <span class='ocrx_word' id='word_1_36' title='bbox 900 981 1038 1048; x_wconf 90' lang='lat' dir='ltr'>obtineo.</span> 
     </span>
    </p>

    <p class='ocr_par' dir='ltr' id='par_1_3' title="bbox 135 1091 1316 1398">
     <span class='ocr_line' id='line_1_6' title="bbox 221 1091 1315 1176; baseline -0.002 -19"><span class='ocrx_word' id='word_1_37' title='bbox 221 1091 288 1158; x_wconf 83' lang='lat' dir='ltr'>Sed</span> <span class='ocrx_word' id='word_1_38' title='bbox 308 1093 389 1157; x_wconf 89' lang='lat' dir='ltr'>haec</span> <span class='ocrx_word' id='word_1_39' title='bbox 417 1093 590 1174; x_wconf 83' lang='lat' dir='ltr'>haetenus3</span> <span class='ocrx_word' id='word_1_40' title='bbox 619 1095 772 1176; x_wconf 92' lang='lat' dir='ltr'>sequitur,</span> <span class='ocrx_word' id='word_1_41' title='bbox 799 1100 836 1158; x_wconf 90' lang='grc' dir='ltr'>ιιι</span> <span class='ocrx_word' id='word_1_42' title='bbox 858 1099 1057 1176; x_wconf 86' lang='lat' dir='ltr'>argumenta,</span> <span class='ocrx_word' id='word_1_43' title='bbox 1083 1093 1201 1174; x_wconf 91' lang='lat' dir='ltr'>quibus</span> <span class='ocrx_word' id='word_1_44' title='bbox 1223 1113 1315 1156; x_wconf 91' lang='lat' dir='ltr'>suam</span> 
     </span>
     <span class='ocr_line' id='line_1_7' title="bbox 135 1202 1316 1288; baseline 0 -22"><span class='ocrx_word' id='word_1_45' title='bbox 135 1204 307 1269; x_wconf 82' lang='lat' dir='ltr'>verborum</span> <span class='ocrx_word' id='word_1_46' title='bbox 328 1203 407 1268; x_wconf 74' lang='lat' dir='ltr'>nord</span> <span class='ocrx_word' id='word_1_47' title='bbox 429 1203 486 1268; x_wconf 75' lang='grc' dir='ltr'>τόν</span> <span class='ocrx_word' id='word_1_48' title='bbox 506 1203 603 1286; x_wconf 81' lang='grc' dir='ltr'><strong><em>νόμον</em></strong></span> <span class='ocrx_word' id='word_1_49' title='bbox 623 1202 777 1270; x_wconf 80' lang='lat' dir='ltr'>fulciebat</span> <span class='ocrx_word' id='word_1_50' title='bbox 799 1206 1042 1288; x_wconf 79' lang='lat' dir='ltr'>explicationem</span> <span class='ocrx_word' id='word_1_51' title='bbox 1064 1203 1219 1286; x_wconf 89' lang='lat' dir='ltr'>Dittmar,</span> <span class='ocrx_word' id='word_1_52' title='bbox 1243 1225 1316 1267; x_wconf 86' lang='lat' dir='ltr'>exa-</span> 
     </span>
     <span class='ocr_line' id='line_1_8' title="bbox 135 1316 592 1398; baseline 0.002 -19"><span class='ocrx_word' id='word_1_53' title='bbox 135 1317 292 1381; x_wconf 87' lang='lat' dir='ltr'>minemus</span> <span class='ocrx_word' id='word_1_54' title='bbox 314 1337 354 1380; x_wconf 83' lang='lat' dir='ltr'>ac</span> <span class='ocrx_word' id='word_1_55' title='bbox 371 1316 592 1398; x_wconf 90' lang='lat' dir='ltr'>ponderemus.</span> 
     </span>
    </p>

    <p class='ocr_par' dir='ltr' id='par_1_4' title="bbox 134 1426 1315 2069">
     <span class='ocr_line' id='line_1_9' title="bbox 218 1426 1315 1510; baseline 0 -20"><span class='ocrx_word' id='word_1_56' title='bbox 218 1426 365 1510; x_wconf 80' lang='lat' dir='ltr'><strong>Legibus</strong></span> <span class='ocrx_word' id='word_1_57' title='bbox 396 1427 483 1510; x_wconf 92' lang='lat' dir='ltr'>apud</span> <span class='ocrx_word' id='word_1_58' title='bbox 509 1428 724 1493; x_wconf 80' lang='lat' dir='ltr'>Athenienses</span> <span class='ocrx_word' id='word_1_59' title='bbox 754 1431 912 1493; x_wconf 91' lang='lat' dir='ltr'>sancitum</span> <span class='ocrx_word' id='word_1_60' title='bbox 941 1427 1052 1509; x_wconf 87' lang='lat' dir='ltr'>fuisse,</span> <span class='ocrx_word' id='word_1_61' title='bbox 1082 1431 1120 1490; x_wconf 87' lang='grc' dir='ltr'>ιιι</span> <span class='ocrx_word' id='word_1_62' title='bbox 1148 1427 1206 1508; x_wconf 92' lang='lat' dir='ltr'>qui</span> <span class='ocrx_word' id='word_1_63' title='bbox 1227 1447 1315 1508; x_wconf 90' lang='lat' dir='ltr'>pere-</span> 
     </span>
     <span class='ocr_line' id='line_1_10' title="bbox 135 1537 1315 1624; baseline -0.002 -22"><span class='ocrx_word' id='word_1_64' title='bbox 135 1538 215 1618; x_wconf 82' lang='lat' dir='ltr'>grini</span> <span class='ocrx_word' id='word_1_65' title='bbox 239 1544 298 1602; x_wconf 89' lang='lat' dir='ltr'>aut</span> <span class='ocrx_word' id='word_1_66' title='bbox 319 1539 402 1604; x_wconf 87' lang='lat' dir='ltr'>cives</span> <span class='ocrx_word' id='word_1_67' title='bbox 425 1540 465 1604; x_wconf 93' lang='lat' dir='ltr'>de</span> <span class='ocrx_word' id='word_1_68' title='bbox 485 1540 666 1624; x_wconf 89' lang='lat' dir='ltr'>republica</span> <span class='ocrx_word' id='word_1_69' title='bbox 688 1542 793 1604; x_wconf 88' lang='lat' dir='ltr'>meriti</span> <span class='ocrx_word' id='word_1_70' title='bbox 808 1541 887 1606; x_wconf 90' lang='lat' dir='ltr'>bene</span> <span class='ocrx_word' id='word_1_71' title='bbox 903 1544 1017 1621; x_wconf 87' lang='lat' dir='ltr'>essent,</span> <span class='ocrx_word' id='word_1_72' title='bbox 1040 1538 1164 1602; x_wconf 89' lang='lat' dir='ltr'>coronis</span> <span class='ocrx_word' id='word_1_73' title='bbox 1186 1537 1315 1602; x_wconf 88' lang='lat' dir='ltr'>decora-</span> 
     </span>
     <span class='ocr_line' id='line_1_11' title="bbox 135 1649 1314 1736; baseline 0 -24"><span class='ocrx_word' id='word_1_74' title='bbox 135 1655 245 1714; x_wconf 89' lang='lat' dir='ltr'>rentur</span> <span class='ocrx_word' id='word_1_75' title='bbox 269 1656 517 1716; x_wconf 87' lang='lat' dir='ltr'>consentaneum</span> <span class='ocrx_word' id='word_1_76' title='bbox 539 1657 586 1716; x_wconf 90' lang='lat' dir='ltr'>est</span> <span class='ocrx_word' id='word_1_77' title='bbox 613 1673 717 1734; x_wconf 89' lang='lat' dir='ltr'>neque</span> <span class='ocrx_word' id='word_1_78' title='bbox 739 1673 854 1736; x_wconf 83' lang='lat' dir='ltr'>operae</span> <span class='ocrx_word' id='word_1_79' title='bbox 882 1652 1019 1735; x_wconf 85' lang='lat' dir='ltr'>pretium</span> <span class='ocrx_word' id='word_1_80' title='bbox 1049 1649 1158 1716; x_wconf 87' lang='lat' dir='ltr'>multis</span> <span class='ocrx_word' id='word_1_81' title='bbox 1187 1649 1314 1714; x_wconf 91' lang='lat' dir='ltr'>demon-</span> 
     </span>
     <span class='ocr_line' id='line_1_12' title="bbox 136 1761 1314 1846; baseline 0 -23"><span class='ocrx_word' id='word_1_82' title='bbox 136 1766 253 1842; x_wconf 92' lang='lat' dir='ltr'>strare;</span> <span class='ocrx_word' id='word_1_83' title='bbox 287 1763 343 1827; x_wconf 88' lang='lat' dir='ltr'>sed</span> <span class='ocrx_word' id='word_1_84' title='bbox 373 1783 444 1828; x_wconf 90' lang='lat' dir='ltr'>eam</span> <span class='ocrx_word' id='word_1_85' title='bbox 472 1763 575 1845; x_wconf 86' lang='lat' dir='ltr'>legem</span> <span class='ocrx_word' id='word_1_86' title='bbox 601 1763 690 1828; x_wconf 79' lang='lat' dir='ltr'>brevi</span> <span class='ocrx_word' id='word_1_87' title='bbox 719 1769 791 1846; x_wconf 88' lang='lat' dir='ltr'>post</span> <span class='ocrx_word' id='word_1_88' title='bbox 813 1763 898 1827; x_wconf 90' lang='lat' dir='ltr'>bella</span> <span class='ocrx_word' id='word_1_89' title='bbox 920 1763 1096 1827; x_wconf 75' lang='lat' dir='ltr'>Persarum</span> <span class='ocrx_word' id='word_1_90' title='bbox 1124 1782 1191 1825; x_wconf 92' lang='lat' dir='ltr'>esse</span> <span class='ocrx_word' id='word_1_91' title='bbox 1213 1761 1314 1824; x_wconf 88' lang='lat' dir='ltr'>latam</span> 
     </span>
     <span class='ocr_line' id='line_1_13' title="bbox 135 1873 1314 1958; baseline -0.003 -22"><span class='ocrx_word' id='word_1_92' title='bbox 135 1879 310 1956; x_wconf 88' lang='lat' dir='ltr'>posteaque</span> <span class='ocrx_word' id='word_1_93' title='bbox 339 1879 376 1938; x_wconf 90' lang='lat' dir='ltr'>ut</span> <span class='ocrx_word' id='word_1_94' title='bbox 401 1873 467 1938; x_wconf 86' lang='lat' dir='ltr'>fere</span> <span class='ocrx_word' id='word_1_95' title='bbox 489 1873 527 1938; x_wconf 91' lang='lat' dir='ltr'>fit</span> <span class='ocrx_word' id='word_1_96' title='bbox 548 1895 644 1958; x_wconf 85' lang='lat' dir='ltr'>saepe</span> <span class='ocrx_word' id='word_1_97' title='bbox 666 1880 835 1956; x_wconf 85' lang='lat' dir='ltr'>mutatam,</span> <span class='ocrx_word' id='word_1_98' title='bbox 865 1879 1004 1954; x_wconf 83' lang='lat' dir='ltr'>auctum,</span> <span class='ocrx_word' id='word_1_99' title='bbox 1032 1873 1220 1953; x_wconf 80' lang='lat' dir='ltr'>restrictam,</span> <span class='ocrx_word' id='word_1_100' title='bbox 1250 1891 1314 1934; x_wconf 93' lang='lat' dir='ltr'>non</span> 
     </span>
     <span class='ocr_line' id='line_1_14' title="bbox 134 1982 1313 2069; baseline -0.003 -23"><span class='ocrx_word' id='word_1_101' title='bbox 134 1982 334 2049; x_wconf 86' lang='lat' dir='ltr'>Poliorcetac</span> <span class='ocrx_word' id='word_1_102' title='bbox 355 1985 484 2050; x_wconf 91' lang='lat' dir='ltr'>demum</span> <span class='ocrx_word' id='word_1_103' title='bbox 506 1991 613 2050; x_wconf 89' lang='lat' dir='ltr'>aetate</span> <span class='ocrx_word' id='word_1_104' title='bbox 633 1986 869 2069; x_wconf 81' lang='lat' dir='ltr'>promulgatam</span> <span class='ocrx_word' id='word_1_105' title='bbox 885 2005 953 2048; x_wconf 89' lang='lat' dir='ltr'>esse</span> <span class='ocrx_word' id='word_1_106' title='bbox 969 1984 1047 2048; x_wconf 90' lang='lat' dir='ltr'>mihi</span> <span class='ocrx_word' id='word_1_107' title='bbox 1067 1983 1221 2064; x_wconf 89' lang='lat' dir='ltr'>persuasi.</span> <span class='ocrx_word' id='word_1_108' title='bbox 1256 1982 1313 2044; x_wconf 92' lang='lat' dir='ltr'>An</span> 
     </span>
    </p>
   </div>
   <div class='ocr_carea' id='block_1_3' title="bbox 31 2083 1313 2180">
    <p class='ocr_par' dir='ltr' id='par_1_5' title="bbox 31 2083 1313 2180">
     <span class='ocr_line' id='line_1_15' title="bbox 31 2083 1313 2180; baseline -0.002 -22"><span class='ocrx_word' id='word_1_109' title='bbox 31 2083 32 2090; x_wconf 9' lang='grc' dir='ltr'>ἵ</span> <span class='ocrx_word' id='word_1_110' title='bbox 137 2097 317 2162; x_wconf 91' lang='lat' dir='ltr'>sesoienties</span> <span class='ocrx_word' id='word_1_111' title='bbox 340 2103 414 2162; x_wconf 86' lang='lat' dir='ltr'>ante</span> <span class='ocrx_word' id='word_1_112' title='bbox 434 2098 468 2162; x_wconf 92' lang='lat' dir='ltr'>id</span> <span class='ocrx_word' id='word_1_113' title='bbox 496 2103 620 2180; x_wconf 89' lang='lat' dir='ltr'>tempus</span> <span class='ocrx_word' id='word_1_114' title='bbox 649 2119 781 2162; x_wconf 88' lang='lat' dir='ltr'>coronas</span> <span class='ocrx_word' id='word_1_115' title='bbox 806 2097 930 2162; x_wconf 87' lang='lat' dir='ltr'>dedisse</span> <span class='ocrx_word' id='word_1_116' title='bbox 952 2115 1056 2178; x_wconf 90' lang='lat' dir='ltr'>neque</span> <span class='ocrx_word' id='word_1_117' title='bbox 1078 2115 1221 2176; x_wconf 86' lang='lat' dir='ltr'>unquam</span> <span class='ocrx_word' id='word_1_118' title='bbox 1243 2094 1313 2174; x_wconf 86' lang='lat' dir='ltr'>lege</span> 
     </span>
    </p>
   </div>
   <div class='ocr_carea' id='block_1_4' title="bbox 135 2204 1313 3523">
    <p class='ocr_par' dir='ltr' id='par_1_6' title="bbox 135 2204 1313 3523">
     <span class='ocr_line' id='line_1_16' title="bbox 137 2204 1312 2291; baseline -0.003 -21"><span class='ocrx_word' id='word_1_119' title='bbox 137 2227 208 2271; x_wconf 91' lang='lat' dir='ltr'>eum</span> <span class='ocrx_word' id='word_1_120' title='bbox 228 2229 351 2273; x_wconf 91' lang='lat' dir='ltr'>morem</span> <span class='ocrx_word' id='word_1_121' title='bbox 373 2211 573 2274; x_wconf 88' lang='lat' dir='ltr'>constituisse</span> <span class='ocrx_word' id='word_1_122' title='bbox 589 2209 804 2274; x_wconf 88' lang='lat' dir='ltr'>Athenienses</span> <span class='ocrx_word' id='word_1_123' title='bbox 818 2204 1028 2291; x_wconf 84' lang='lat' dir='ltr'>putabimus?</span> <span class='ocrx_word' id='word_1_124' title='bbox 1051 2205 1103 2269; x_wconf 89' lang='lat' dir='ltr'>Ac</span> <span class='ocrx_word' id='word_1_125' title='bbox 1117 2206 1218 2268; x_wconf 90' lang='lat' dir='ltr'>multo</span> <span class='ocrx_word' id='word_1_126' title='bbox 1238 2210 1312 2268; x_wconf 91' lang='lat' dir='ltr'>ante</span> 
     </span>
     <span class='ocr_line' id='line_1_17' title="bbox 137 2318 1313 2404; baseline -0.003 -23"><span class='ocrx_word' id='word_1_127' title='bbox 137 2337 254 2382; x_wconf 85' lang='lat' dir='ltr'>annum</span> <span class='ocrx_word' id='word_1_128' title='bbox 285 2324 347 2384; x_wconf 82' lang='grc'>286</span> <span class='ocrx_word' id='word_1_129' title='bbox 361 2319 386 2404; x_wconf 88' lang='lat'>¹)</span> <span class='ocrx_word' id='word_1_130' title='bbox 420 2321 522 2404; x_wconf 86' lang='lat' dir='ltr'>legem</span> <span class='ocrx_word' id='word_1_131' title='bbox 554 2321 594 2386; x_wconf 91' lang='lat' dir='ltr'>de</span> <span class='ocrx_word' id='word_1_132' title='bbox 627 2322 808 2386; x_wconf 89' lang='lat' dir='ltr'>coronando</span> <span class='ocrx_word' id='word_1_133' title='bbox 842 2325 954 2384; x_wconf 89' lang='lat' dir='ltr'>senatu</span> <span class='ocrx_word' id='word_1_134' title='bbox 992 2318 1129 2383; x_wconf 82' lang='lat' dir='ltr'>valuisse</span> <span class='ocrx_word' id='word_1_135' title='bbox 1166 2337 1239 2379; x_wconf 89' lang='lat' dir='ltr'>cum</span> <span class='ocrx_word' id='word_1_136' title='bbox 1273 2337 1313 2379; x_wconf 87' lang='lat' dir='ltr'>ex</span> 
     </span>
     <span class='ocr_line' id='line_1_18' title="bbox 138 2427 1313 2518; baseline -0.001 -27"><span class='ocrx_word' id='word_1_137' title='bbox 138 2427 306 2495; x_wconf 85' lang='lat' dir='ltr'>Aeschinis</span> <span class='ocrx_word' id='word_1_138' title='bbox 327 2431 556 2518; x_wconf 73' lang='lat' dir='ltr'>Tirnarchea2)</span> <span class='ocrx_word' id='word_1_139' title='bbox 585 2439 653 2496; x_wconf 91' lang='lat' dir='ltr'>tum</span> <span class='ocrx_word' id='word_1_140' title='bbox 674 2433 924 2498; x_wconf 84' lang='lat' dir='ltr'>luculentissime</span> <span class='ocrx_word' id='word_1_141' title='bbox 954 2435 1091 2513; x_wconf 89' lang='lat' dir='ltr'>apparet</span> <span class='ocrx_word' id='word_1_142' title='bbox 1113 2450 1152 2493; x_wconf 84' lang='lat' dir='ltr'>ex</span> <span class='ocrx_word' id='word_1_143' title='bbox 1173 2429 1223 2491; x_wconf 93' lang='lat' dir='ltr'>his</span> <span class='ocrx_word' id='word_1_144' title='bbox 1246 2449 1313 2491; x_wconf 89' lang='lat' dir='ltr'>ver-</span> 
     </span>
     <span class='ocr_line' id='line_1_19' title="bbox 138 2539 1313 2632; baseline 0.003 -29"><span class='ocrx_word' id='word_1_145' title='bbox 138 2539 183 2604; x_wconf 88' lang='lat' dir='ltr'>bis</span> <span class='ocrx_word' id='word_1_146' title='bbox 212 2541 454 2608; x_wconf 83' lang='lat' dir='ltr'>Demosthenis:</span> <span class='ocrx_word' id='word_1_147' title='bbox 468 2544 493 2630; x_wconf 76' lang='lat'>3)</span> <span class='ocrx_word' id='word_1_148' title='bbox 527 2543 623 2626; x_wconf 80' lang='grc' dir='ltr'><strong><em>νόμος</em></strong></span> <span class='ocrx_word' id='word_1_149' title='bbox 642 2544 713 2622; x_wconf 80' lang='grc' dir='ltr'><strong><em>ἐστὶ,</em></strong></span> <span class='ocrx_word' id='word_1_150' title='bbox 748 2545 849 2632; x_wconf 82' lang='grc' dir='ltr'><em>φησὶν,</em></span> <span class='ocrx_word' id='word_1_151' title='bbox 874 2544 927 2608; x_wconf 75' lang='grc' dir='ltr'>ἐᾶν</span> <span class='ocrx_word' id='word_1_152' title='bbox 953 2542 1050 2623; x_wconf 77' lang='grc' dir='ltr'><strong><em>α’ξίως</em></strong></span> <span class='ocrx_word' id='word_1_153' title='bbox 1078 2539 1098 2626; x_wconf 80' lang='grc' dir='ltr'>ἡ</span> <span class='ocrx_word' id='word_1_154' title='bbox 1124 2541 1218 2628; x_wconf 72' lang='grc' dir='ltr'><em>βουλή</em></span> <span class='ocrx_word' id='word_1_155' title='bbox 1237 2543 1313 2626; x_wconf 78' lang='grc' dir='ltr'><em>δοκῇ</em></span> 
     </span>
     <span class='ocr_line' id='line_1_20' title="bbox 137 2652 1312 2746; baseline 0.003 -30"><span class='ocrx_word' id='word_1_156' title='bbox 137 2655 297 2735; x_wconf 78' lang='grc' dir='ltr'>βουλεῦσαι</span> <span class='ocrx_word' id='word_1_157' title='bbox 319 2655 439 2740; x_wconf 77' lang='grc' dir='ltr'><strong><em>δωρεᾶς</em></strong></span> <span class='ocrx_word' id='word_1_158' title='bbox 459 2654 579 2722; x_wconf 76' lang='grc' dir='ltr'><em>διδόναι</em></span> <span class='ocrx_word' id='word_1_159' title='bbox 603 2657 652 2722; x_wconf 82' lang='grc' dir='ltr'>ιόν</span> <span class='ocrx_word' id='word_1_160' title='bbox 675 2657 774 2746; x_wconf 78' lang='grc' dir='ltr'><em>δῆμον</em></span> <span class='ocrx_word' id='word_1_161' title='bbox 792 2658 847 2744; x_wconf 70' lang='grc' dir='ltr'>τήν</span> <span class='ocrx_word' id='word_1_162' title='bbox 866 2657 988 2742; x_wconf 73' lang='grc' dir='ltr'><em>δωρεάν</em></span> <span class='ocrx_word' id='word_1_163' title='bbox 1007 2652 1088 2740; x_wconf 73' lang='grc' dir='ltr'>αὐτῇ</span> <span class='ocrx_word' id='word_1_164' title='bbox 1109 2656 1175 2718; x_wconf 79' lang='grc' dir='ltr'><strong><em>κτλ.</em></strong></span> <span class='ocrx_word' id='word_1_165' title='bbox 1216 2652 1312 2735; x_wconf 76' lang='lat' dir='ltr'>Quod</span> 
     </span>
     <span class='ocr_line' id='line_1_21' title="bbox 137 2763 1313 2852; baseline 0.002 -26"><span class='ocrx_word' id='word_1_166' title='bbox 137 2765 161 2826; x_wconf 94' lang='lat' dir='ltr'>si</span> <span class='ocrx_word' id='word_1_167' title='bbox 188 2763 354 2834; x_wconf 79' lang='lat' dir='ltr'>,Dittmari</span> <span class='ocrx_word' id='word_1_168' title='bbox 387 2767 609 2848; x_wconf 87' lang='lat' dir='ltr'>amplectimur</span> <span class='ocrx_word' id='word_1_169' title='bbox 639 2770 952 2852; x_wconf 86' lang='lat' dir='ltr'>interpretationem,</span> <span class='ocrx_word' id='word_1_170' title='bbox 990 2790 1048 2832; x_wconf 89' lang='lat' dir='ltr'>cur</span> <span class='ocrx_word' id='word_1_171' title='bbox 1083 2773 1159 2830; x_wconf 91' lang='lat' dir='ltr'>ante</span> <span class='ocrx_word' id='word_1_172' title='bbox 1194 2788 1313 2829; x_wconf 88' lang='lat' dir='ltr'>annum</span> 
     </span>
     <span class='ocr_line' id='line_1_22' title="bbox 137 2873 1313 2964; baseline 0 -24"><span class='ocrx_word' id='word_1_173' title='bbox 137 2873 272 2941; x_wconf 83' lang='lat' dir='ltr'>Ooroebi</span> <span class='ocrx_word' id='word_1_174' title='bbox 294 2875 363 2962; x_wconf 87' lang='lat' dir='ltr'>(Ol.</span> <span class='ocrx_word' id='word_1_175' title='bbox 382 2881 473 2960; x_wconf 86' lang='grc'><strong>118,3</strong></span> <span class='ocrx_word' id='word_1_176' title='bbox 491 2911 533 2932; x_wconf 94' lang='lat'><strong>=</strong></span> <span class='ocrx_word' id='word_1_177' title='bbox 549 2879 647 2964; x_wconf 71' lang='lat' dir='ltr'>30⁶l,)</span> <span class='ocrx_word' id='word_1_178' title='bbox 670 2879 809 2944; x_wconf 84' lang='lat' dir='ltr'>formula</span> <span class='ocrx_word' id='word_1_179' title='bbox 830 2881 909 2944; x_wconf 74' lang='grc' dir='ltr'><strong><em>κατὰ</em></strong></span> <span class='ocrx_word' id='word_1_180' title='bbox 932 2881 986 2944; x_wconf 77' lang='grc' dir='ltr'>τόν</span> <span class='ocrx_word' id='word_1_181' title='bbox 1006 2878 1104 2960; x_wconf 82' lang='grc' dir='ltr'><strong><em>νόμον</em></strong></span> <span class='ocrx_word' id='word_1_182' title='bbox 1122 2879 1154 2941; x_wconf 93' lang='lat' dir='ltr'>in</span> <span class='ocrx_word' id='word_1_183' title='bbox 1177 2899 1313 2941; x_wconf 88' lang='lat' dir='ltr'>coronae</span> 
     </span>
     <span class='ocr_line' id='line_1_23' title="bbox 135 2986 1312 3074; baseline 0 -25"><span class='ocrx_word' id='word_1_184' title='bbox 135 2986 268 3051; x_wconf 87' lang='lat' dir='ltr'>decretis</span> <span class='ocrx_word' id='word_1_185' title='bbox 292 2994 449 3070; x_wconf 89' lang='lat' dir='ltr'>usurpata</span> <span class='ocrx_word' id='word_1_186' title='bbox 468 3012 529 3053; x_wconf 93' lang='lat' dir='ltr'>non</span> <span class='ocrx_word' id='word_1_187' title='bbox 558 2992 609 3074; x_wconf 91' lang='lat' dir='ltr'>sit,</span> <span class='ocrx_word' id='word_1_188' title='bbox 633 2993 796 3056; x_wconf 92' lang='lat' dir='ltr'>miramur.</span> <span class='ocrx_word' id='word_1_189' title='bbox 841 2991 913 3055; x_wconf 92' lang='lat' dir='ltr'>Iam</span> <span class='ocrx_word' id='word_1_190' title='bbox 940 3013 1015 3056; x_wconf 83' lang='lat' dir='ltr'>vero</span> <span class='ocrx_word' id='word_1_191' title='bbox 1041 2991 1138 3056; x_wconf 90' lang='lat' dir='ltr'>verba</span> <span class='ocrx_word' id='word_1_192' title='bbox 1158 2990 1236 3054; x_wconf 80' lang='grc' dir='ltr'><strong><em>κατά</em></strong></span> <span class='ocrx_word' id='word_1_193' title='bbox 1257 2988 1312 3053; x_wconf 78' lang='grc' dir='ltr'>τὸν</span> 
     </span>
     <span class='ocr_line' id='line_1_24' title="bbox 135 3097 1312 3184; baseline 0.003 -23"><span class='ocrx_word' id='word_1_194' title='bbox 135 3097 226 3178; x_wconf 83' lang='grc' dir='ltr'><em>νόμον</em></span> <span class='ocrx_word' id='word_1_195' title='bbox 246 3100 322 3163; x_wconf 92' lang='lat' dir='ltr'>inde</span> <span class='ocrx_word' id='word_1_196' title='bbox 336 3099 378 3164; x_wconf 93' lang='lat' dir='ltr'>ab</span> <span class='ocrx_word' id='word_1_197' title='bbox 394 3100 505 3164; x_wconf 91' lang='lat' dir='ltr'>eodem</span> <span class='ocrx_word' id='word_1_198' title='bbox 524 3100 590 3165; x_wconf 82' lang='lat' dir='ltr'>lere</span> <span class='ocrx_word' id='word_1_199' title='bbox 613 3108 755 3184; x_wconf 90' lang='lat' dir='ltr'>ternpore</span> <span class='ocrx_word' id='word_1_200' title='bbox 776 3105 809 3167; x_wconf 93' lang='lat' dir='ltr'>in</span> <span class='ocrx_word' id='word_1_201' title='bbox 825 3104 959 3168; x_wconf 91' lang='lat' dir='ltr'>decretis</span> <span class='ocrx_word' id='word_1_202' title='bbox 970 3102 996 3182; x_wconf 85' lang='lat'>⁴)</span> <span class='ocrx_word' id='word_1_203' title='bbox 1016 3103 1193 3184; x_wconf 88' lang='lat' dir='ltr'>tribulium,</span> <span class='ocrx_word' id='word_1_204' title='bbox 1215 3123 1312 3184; x_wconf 85' lang='lat' dir='ltr'>paga-</span> 
     </span>
     <span class='ocr_line' id='line_1_25' title="bbox 136 3211 1311 3297; baseline 0.003 -24"><span class='ocrx_word' id='word_1_205' title='bbox 136 3231 262 3293; x_wconf 91' lang='lat' dir='ltr'>norum,</span> <span class='ocrx_word' id='word_1_206' title='bbox 293 3211 499 3293; x_wconf 84' lang='lat' dir='ltr'>collegiorum</span> <span class='ocrx_word' id='word_1_207' title='bbox 528 3214 748 3295; x_wconf 72' lang='lat' dir='ltr'>inveniuntur,</span> <span class='ocrx_word' id='word_1_208' title='bbox 779 3216 944 3279; x_wconf 88' lang='lat' dir='ltr'>credemus</span> <span class='ocrx_word' id='word_1_209' title='bbox 974 3215 1073 3297; x_wconf 83' lang='lat' dir='ltr'>igitur</span> <span class='ocrx_word' id='word_1_210' title='bbox 1101 3219 1139 3278; x_wconf 89' lang='lat' dir='ltr'>ut</span> <span class='ocrx_word' id='word_1_211' title='bbox 1168 3215 1196 3277; x_wconf 92' lang='lat' dir='ltr'>ei</span> <span class='ocrx_word' id='word_1_212' title='bbox 1226 3215 1311 3277; x_wconf 90' lang='lat' dir='ltr'>viros</span> 
     </span>
     <span class='ocr_line' id='line_1_26' title="bbox 135 3322 1311 3410; baseline 0.003 -27"><span class='ocrx_word' id='word_1_213' title='bbox 135 3342 207 3403; x_wconf 85' lang='lat' dir='ltr'>erga</span> <span class='ocrx_word' id='word_1_214' title='bbox 238 3343 270 3385; x_wconf 91' lang='lat' dir='ltr'>se</span> <span class='ocrx_word' id='word_1_215' title='bbox 297 3322 378 3386; x_wconf 91' lang='lat' dir='ltr'>bene</span> <span class='ocrx_word' id='word_1_216' title='bbox 408 3325 537 3388; x_wconf 91' lang='lat' dir='ltr'>meritos</span> <span class='ocrx_word' id='word_1_217' title='bbox 560 3327 684 3389; x_wconf 92' lang='lat' dir='ltr'>coronis</span> <span class='ocrx_word' id='word_1_218' title='bbox 707 3333 867 3409; x_wconf 87' lang='lat' dir='ltr'>ornarent,</span> <span class='ocrx_word' id='word_1_219' title='bbox 898 3327 1052 3410; x_wconf 92' lang='lat' dir='ltr'>populum</span> <span class='ocrx_word' id='word_1_220' title='bbox 1074 3323 1234 3390; x_wconf 79' lang='lat' dir='ltr'>edixisse?</span> <span class='ocrx_word' id='word_1_221' title='bbox 1261 3324 1311 3387; x_wconf 91' lang='lat' dir='ltr'>At</span> 
     </span>
     <span class='ocr_line' id='line_1_27' title="bbox 135 3431 1310 3523; baseline 0.003 -28"><span class='ocrx_word' id='word_1_222' title='bbox 135 3431 331 3497; x_wconf 87' lang='lat' dir='ltr'>liberrimum</span> <span class='ocrx_word' id='word_1_223' title='bbox 353 3456 427 3500; x_wconf 88' lang='lat' dir='ltr'>suas</span> <span class='ocrx_word' id='word_1_224' title='bbox 446 3458 496 3501; x_wconf 89' lang='lat' dir='ltr'>res</span> <span class='ocrx_word' id='word_1_225' title='bbox 518 3438 956 3523; x_wconf 32' lang='lat' dir='ltr'>administrandi—arbitrium</span> <span class='ocrx_word' id='word_1_226' title='bbox 977 3439 1117 3520; x_wconf 84' lang='lat' dir='ltr'>collegiis</span> <span class='ocrx_word' id='word_1_227' title='bbox 1137 3437 1310 3501; x_wconf 88' lang='lat' dir='ltr'>sodaliciis-</span> 
     </span>
    </p>
   </div>
   <div class='ocr_carea' id='block_1_5' title="bbox 134 3671 1309 4002">
    <p class='ocr_par' dir='ltr' id='par_1_7' title="bbox 134 3671 1309 4002">
     <span class='ocr_line' id='line_1_28' title="bbox 135 3671 1309 3750; baseline 0.007 -26"><span class='ocrx_word' id='word_1_228' title='bbox 135 3671 235 3726; x_wconf 84' lang='lat' dir='ltr'>dioavit</span> <span class='ocrx_word' id='word_1_229' title='bbox 251 3674 386 3732; x_wconf 84' lang='lat' dir='ltr'>Dittmar.</span> <span class='ocrx_word' id='word_1_230' title='bbox 416 3678 487 3732; x_wconf 87' lang='lat' dir='ltr'>Mihi</span> <span class='ocrx_word' id='word_1_231' title='bbox 505 3678 626 3745; x_wconf 89' lang='lat' dir='ltr'>quidem,</span> <span class='ocrx_word' id='word_1_232' title='bbox 644 3679 749 3732; x_wconf 87' lang='lat' dir='ltr'>utiam</span> <span class='ocrx_word' id='word_1_233' title='bbox 768 3696 851 3748; x_wconf 89' lang='lat' dir='ltr'>supra</span> <span class='ocrx_word' id='word_1_234' title='bbox 863 3679 1024 3750; x_wconf 83' lang='lat' dir='ltr'>significavi,</span> <span class='ocrx_word' id='word_1_235' title='bbox 1044 3679 1239 3732; x_wconf 86' lang='lat' dir='ltr'>abstinendum</span> <span class='ocrx_word' id='word_1_236' title='bbox 1251 3697 1309 3733; x_wconf 86' lang='lat' dir='ltr'>esse</span> 
     </span>
     <span class='ocr_line' id='line_1_29' title="bbox 136 3757 1308 3834; baseline 0.006 -23"><span class='ocrx_word' id='word_1_237' title='bbox 136 3757 237 3812; x_wconf 90' lang='lat' dir='ltr'>iudicio</span> <span class='ocrx_word' id='word_1_238' title='bbox 259 3761 385 3827; x_wconf 87' lang='lat' dir='ltr'>videtur,</span> <span class='ocrx_word' id='word_1_239' title='bbox 410 3764 477 3816; x_wconf 90' lang='lat' dir='ltr'>dum</span> <span class='ocrx_word' id='word_1_240' title='bbox 500 3765 593 3834; x_wconf 88' lang='lat' dir='ltr'>plures</span> <span class='ocrx_word' id='word_1_241' title='bbox 617 3765 692 3818; x_wconf 89' lang='lat' dir='ltr'>illius</span> <span class='ocrx_word' id='word_1_242' title='bbox 710 3767 808 3819; x_wconf 82' lang='lat' dir='ltr'>aetatis</span> <span class='ocrx_word' id='word_1_243' title='bbox 825 3767 902 3819; x_wconf 88' lang='lat' dir='ltr'>tituli</span> <span class='ocrx_word' id='word_1_244' title='bbox 920 3767 1027 3819; x_wconf 88' lang='lat' dir='ltr'>inventi</span> <span class='ocrx_word' id='word_1_245' title='bbox 1046 3770 1141 3831; x_wconf 83' lang='lat' dir='ltr'>erunt3</span> <span class='ocrx_word' id='word_1_246' title='bbox 1165 3765 1213 3818; x_wconf 91' lang='lat' dir='ltr'>sed</span> <span class='ocrx_word' id='word_1_247' title='bbox 1232 3765 1254 3817; x_wconf 87' lang='lat' dir='ltr'>si</span> <span class='ocrx_word' id='word_1_248' title='bbox 1272 3766 1308 3818; x_wconf 90' lang='lat' dir='ltr'>ob</span> 
     </span>
     <span class='ocr_line' id='line_1_30' title="bbox 135 3847 1308 3919; baseline 0.006 -21"><span class='ocrx_word' id='word_1_249' title='bbox 135 3861 191 3898; x_wconf 81' lang='lat' dir='ltr'>eam</span> <span class='ocrx_word' id='word_1_250' title='bbox 209 3862 319 3900; x_wconf 82' lang='lat' dir='ltr'>causam</span> <span class='ocrx_word' id='word_1_251' title='bbox 333 3847 458 3902; x_wconf 84' lang='lat' dir='ltr'>Dittmar</span> <span class='ocrx_word' id='word_1_252' title='bbox 475 3850 618 3903; x_wconf 86' lang='lat' dir='ltr'>decretum</span> <span class='ocrx_word' id='word_1_253' title='bbox 637 3868 692 3904; x_wconf 91' lang='lat' dir='ltr'>non</span> <span class='ocrx_word' id='word_1_254' title='bbox 710 3852 824 3904; x_wconf 83' lang='lat' dir='ltr'>alterius</span> <span class='ocrx_word' id='word_1_255' title='bbox 843 3853 945 3905; x_wconf 84' lang='lat' dir='ltr'>saeculi</span> <span class='ocrx_word' id='word_1_256' title='bbox 963 3855 1051 3919; x_wconf 83' lang='lat' dir='ltr'>putat,</span> <span class='ocrx_word' id='word_1_257' title='bbox 1070 3851 1118 3904; x_wconf 89' lang='lat' dir='ltr'>sed</span> <span class='ocrx_word' id='word_1_258' title='bbox 1131 3868 1226 3904; x_wconf 90' lang='lat' dir='ltr'>eorum</span> <span class='ocrx_word' id='word_1_259' title='bbox 1238 3855 1308 3905; x_wconf 89' lang='lat' dir='ltr'>tem·</span> 
     </span>
     <span class='ocr_line' id='line_1_31' title="bbox 134 3934 1308 4002; baseline 0.005 -18"><span class='ocrx_word' id='word_1_260' title='bbox 134 3947 229 3999; x_wconf 87' lang='lat' dir='ltr'>porum</span> <span class='ocrx_word' id='word_1_261' title='bbox 253 3951 325 3997; x_wconf 89' lang='lat' dir='ltr'>esse,</span> <span class='ocrx_word' id='word_1_262' title='bbox 350 3934 398 3987; x_wconf 93' lang='lat' dir='ltr'>ubi</span> <span class='ocrx_word' id='word_1_263' title='bbox 424 3952 538 3989; x_wconf 80' lang='lat' dir='ltr'>coronas</span> <span class='ocrx_word' id='word_1_264' title='bbox 556 3953 651 3990; x_wconf 82' lang='lat' dir='ltr'>aureas</span> <span class='ocrx_word' id='word_1_265' title='bbox 669 3936 738 3988; x_wconf 77' lang='grc' dir='ltr'><em>κατὰ</em></span> <span class='ocrx_word' id='word_1_266' title='bbox 752 3936 803 3987; x_wconf 83' lang='grc' dir='ltr'>τὸν</span> <span class='ocrx_word' id='word_1_267' title='bbox 820 3937 909 4002; x_wconf 73' lang='grc' dir='ltr'>νόμον</span> <span class='ocrx_word' id='word_1_268' title='bbox 927 3938 1005 3990; x_wconf 84' lang='lat' dir='ltr'>datas</span> <span class='ocrx_word' id='word_1_269' title='bbox 1023 3954 1081 3990; x_wconf 86' lang='lat' dir='ltr'>esse</span> <span class='ocrx_word' id='word_1_270' title='bbox 1099 3938 1169 4002; x_wconf 90' lang='lat' dir='ltr'>vult,</span> <span class='ocrx_word' id='word_1_271' title='bbox 1188 3942 1264 3991; x_wconf 87' lang='lat' dir='ltr'>certe</span> <span class='ocrx_word' id='word_1_272' title='bbox 1282 3939 1308 3990; x_wconf 87' lang='lat' dir='ltr'>ei</span> 
     </span>
    </p>
   </div>
   <div class='ocr_carea' id='block_1_6' title="bbox 33 4017 1308 4093">
    <p class='ocr_par' dir='ltr' id='par_1_8' title="bbox 33 4017 1308 4093">
     <span class='ocr_line' id='line_1_32' title="bbox 33 4017 1308 4093; baseline 0.006 -24"><span class='ocrx_word' id='word_1_273' title='bbox 33 4071 34 4074; x_wconf 65' lang='grc'>,</span> <span class='ocrx_word' id='word_1_274' title='bbox 136 4017 375 4072; x_wconf 81' lang='lat' dir='ltr'>demonstrandum</span> <span class='ocrx_word' id='word_1_275' title='bbox 388 4020 450 4086; x_wconf 85' lang='lat' dir='ltr'>fult,</span> <span class='ocrx_word' id='word_1_276' title='bbox 468 4022 523 4074; x_wconf 86' lang='lat' dir='ltr'>illis</span> <span class='ocrx_word' id='word_1_277' title='bbox 535 4023 706 4091; x_wconf 88' lang='lat' dir='ltr'>temporibus</span> <span class='ocrx_word' id='word_1_278' title='bbox 719 4024 843 4076; x_wconf 86' lang='lat' dir='ltr'>enctesin</span> <span class='ocrx_word' id='word_1_279' title='bbox 855 4024 1039 4076; x_wconf 88' lang='lat' dir='ltr'>Athenienses</span> <span class='ocrx_word' id='word_1_280' title='bbox 1057 4023 1107 4075; x_wconf 89' lang='lat' dir='ltr'>sio</span> <span class='ocrx_word' id='word_1_281' title='bbox 1119 4024 1308 4093; x_wconf 81' lang='lat' dir='ltr'>restrinxisse3</span> 
     </span>
    </p>
   </div>
   <div class='ocr_carea' id='block_1_7' title="bbox 136 4103 1015 4348">
    <p class='ocr_par' dir='ltr' id='par_1_9' title="bbox 136 4103 1015 4348">
     <span class='ocr_line' id='line_1_33' title="bbox 136 4103 1015 4177; baseline 0.008 -23"><span class='ocrx_word' id='word_1_282' title='bbox 136 4103 205 4170; x_wconf 90' lang='lat' dir='ltr'>quod</span> <span class='ocrx_word' id='word_1_283' title='bbox 223 4107 286 4156; x_wconf 81' lang='lat' dir='ltr'>ante</span> <span class='ocrx_word' id='word_1_284' title='bbox 305 4104 348 4157; x_wconf 90' lang='lat'>01.</span> <span class='ocrx_word' id='word_1_285' title='bbox 367 4105 425 4158; x_wconf 85' lang='lat' dir='ltr'>fere</span> <span class='ocrx_word' id='word_1_286' title='bbox 447 4109 494 4160; x_wconf 81' lang='lat'>127</span> <span class='ocrx_word' id='word_1_287' title='bbox 512 4107 611 4162; x_wconf 83' lang='lat' dir='ltr'>fecisse</span> <span class='ocrx_word' id='word_1_288' title='bbox 628 4126 684 4160; x_wconf 91' lang='lat' dir='ltr'>non</span> <span class='ocrx_word' id='word_1_289' title='bbox 702 4109 840 4161; x_wconf 88' lang='lat' dir='ltr'>videntur.</span> <span class='ocrx_word' id='word_1_290' title='bbox 876 4109 910 4162; x_wconf 84' lang='lat' dir='ltr'>of.</span> <span class='ocrx_word' id='word_1_291' title='bbox 929 4127 956 4177; x_wconf 89' lang='lat' dir='ltr'>p.</span> <span class='ocrx_word' id='word_1_292' title='bbox 974 4111 1015 4161; x_wconf 81' lang='lat'>30.</span> 
     </span>
     <span class='ocr_line' id='line_1_34' title="bbox 219 4189 849 4263; baseline 0.008 -21"><span class='ocrx_word' id='word_1_293' title='bbox 219 4189 241 4256; x_wconf 91' lang='lat'>¹)</span> <span class='ocrx_word' id='word_1_294' title='bbox 260 4190 293 4243; x_wconf 84' lang='lat' dir='ltr'>cf.</span> <span class='ocrx_word' id='word_1_295' title='bbox 311 4209 338 4258; x_wconf 82' lang='lat' dir='ltr'>p.</span> <span class='ocrx_word' id='word_1_296' title='bbox 356 4193 408 4262; x_wconf 71' lang='lat'>217</span> <span class='ocrx_word' id='word_1_297' title='bbox 427 4197 455 4245; x_wconf 86' lang='lat' dir='ltr'>et</span> <span class='ocrx_word' id='word_1_298' title='bbox 473 4195 525 4246; x_wconf 78' lang='lat'>234</span> <span class='ocrx_word' id='word_1_299' title='bbox 543 4193 636 4260; x_wconf 88' lang='lat' dir='ltr'>(Stud.</span> <span class='ocrx_word' id='word_1_300' title='bbox 655 4194 730 4262; x_wconf 87' lang='lat' dir='ltr'>Lips.</span> <span class='ocrx_word' id='word_1_301' title='bbox 751 4194 849 4263; x_wconf 89' lang='lat' dir='ltr'>XIII).</span> 
     </span>
     <span class='ocr_line' id='line_1_35' title="bbox 217 4273 758 4348; baseline 0.011 -21"><span class='ocrx_word' id='word_1_302' title='bbox 217 4273 240 4340; x_wconf 77' lang='lat'>²)</span> <span class='ocrx_word' id='word_1_303' title='bbox 258 4274 396 4330; x_wconf 78' lang='lat' dir='ltr'>Timarch.</span> <span class='ocrx_word' id='word_1_304' title='bbox 415 4278 448 4348; x_wconf 57' lang='grc' dir='ltr'>ἐξ</span> <span class='ocrx_word' id='word_1_305' title='bbox 469 4281 524 4332; x_wconf 92' lang='lat' dir='ltr'>lll.</span> <span class='ocrx_word' id='word_1_306' title='bbox 546 4281 602 4333; x_wconf 78' lang='lat'>112.</span> <span class='ocrx_word' id='word_1_307' title='bbox 623 4283 680 4333; x_wconf 79' lang='lat'>129.</span> <span class='ocrx_word' id='word_1_308' title='bbox 702 4282 758 4334; x_wconf 85' lang='lat'>130.</span> 
     </span>
    </p>
   </div>
   <div class='ocr_carea' id='block_1_8' title="bbox 216 4358 647 4517">
    <p class='ocr_par' dir='ltr' id='par_1_10' title="bbox 216 4358 647 4517">
     <span class='ocr_line' id='line_1_36' title="bbox 217 4358 647 4434; baseline -0.021 -7"><span class='ocrx_word' id='word_1_309' title='bbox 217 4358 241 4427; x_wconf 69' lang='grc'>8)</span> <span class='ocrx_word' id='word_1_310' title='bbox 258 4362 376 4416; x_wconf 74' lang='lat' dir='ltr'>Androl.</span> <span class='ocrx_word' id='word_1_311' title='bbox 395 4363 411 4434; x_wconf 66' lang='grc' dir='ltr'>ξ</span> <span class='ocrx_word' id='word_1_312' title='bbox 430 4366 445 4417; x_wconf 84' lang='lat'>5</span> <span class='ocrx_word' id='word_1_313' title='bbox 463 4382 489 4432; x_wconf 88' lang='lat' dir='ltr'>p.</span> <span class='ocrx_word' id='word_1_314' title='bbox 508 4366 560 4418; x_wconf 76' lang='lat'>594</span> <span class='ocrx_word' id='word_1_315' title='bbox 578 4370 647 4419; x_wconf 86' lang='lat' dir='ltr'>extr.</span> 
     </span>
     <span class='ocr_line' id='line_1_37' title="bbox 216 4446 449 4517; baseline 0.009 -17"><span class='ocrx_word' id='word_1_316' title='bbox 216 4446 449 4517; x_wconf 56' lang='lat' dir='ltr'>bmpffim</span> 
     </span>
    </p>
   </div>
   <div class='ocr_carea' id='block_1_9' title="bbox 0 0 1568 5128">
    <p class='ocr_par' dir='ltr' id='par_1_11' title="bbox 0 0 1568 5128">
     <span class='ocr_line' id='line_1_38' title="bbox 0 0 1568 5128; baseline 0 1"><span class='ocrx_word' id='word_1_317' title='bbox 0 0 1568 5128; x_wconf 95' lang='lat' dir='ltr'> </span> 
     </span>
    </p>
   </div>
  </div>
 </body>
</html>
