3128 5128
617 415 834 475 ..51-

224 583 345 646 Postea
371 587 480 646 autem
506 603 577 646 eam
606 582 710 664 legem
741 581 931 665 abrogatam
961 603 1028 647 esse
1049 588 1183 666 apparet
1206 604 1245 646 ex
1263 583 1318 647 tri·

136 696 262 760 tissime
284 693 341 759 illo
363 692 535 760 Aeschinis
558 694 638 775 loco,
661 715 757 777 quem
774 716 858 759 nunc
880 694 1099 758 examinemus
1118 689 1316 776 Ctesiphont.

138 807 158 894 ξ
191 811 231 870 32
265 801 367 892 ὁγὰρ
396 802 494 885 νόμος
522 803 689 890 διαῤῥήόην
716 805 851 882 κελεύει,
885 805 939 871 ἐὰν
960 803 1017 887 μέν
1038 829 1108 870 τινα
1129 801 1317 890 corporcis}

137 915 244 1004 βουλὴ,
267 914 300 980 e’v
322 921 368 1000 τῴ
389 917 595 1001 βουλευτηρίῳ
617 913 891 1004 ἀνακηρύττεσθαι,
920 914 973 981 ἐάν
995 915 1022 981 d’
1048 913 1066 981 ὁ
1090 915 1203 1002 δῆμος,
1227 917 1259 979 ἐν
1280 921 1319 1000 τῇ

139 1029 292 1116 ἐκκλησίᾳ,
317 1025 430 1092 ἄλλοθι
453 1026 487 1091 δὲ
508 1026 664 1113 μηδαμοῦ.

225 1139 290 1204 Ι110
320 1140 419 1222 igitur
447 1141 590 1220 tempore
620 1159 757 1203 coronae
786 1139 938 1203 frondeae
969 1143 1001 1202 et
1027 1159 1146 1204 aureae
1167 1139 1243 1225 (nisi
1265 1160 1319 1221 po·

138 1250 236 1334 pulus
266 1248 356 1314 aliud
386 1250 539 1337 iusserat)
563 1272 624 1314 non
654 1252 686 1315 in
708 1250 794 1332 fore,
819 1250 875 1314 sed
896 1251 928 1314 in
948 1251 1092 1333 comitio,
1121 1250 1207 1332 quod
1230 1270 1320 1314 voca-

137 1363 238 1427 batur
264 1361 375 1444 Pnyx,
405 1361 610 1425 renuntiatae
642 1367 725 1426 sunt,
738 1362 764 1444 ¹)
815 1361 879 1426 Sed
907 1363 1089 1426 accuratius
1114 1383 1186 1426 eum
1215 1361 1321 1425 locum

139 1474 324 1540 examinare
351 1473 633 1554 quaestionemque
664 1495 684 1536 a
714 1473 789 1537 viris
818 1473 1008 1538 doctissimis
1037 1472 1200 1556 plerisque
1223 1474 1320 1538 iacta-

138 1591 209 1650 tam
231 1583 337 1648 denuo
358 1588 489 1666 tangere
507 1585 659 1667 cogimur.
670 1585 694 1661 2)
728 1583 815 1649 Nam
830 1606 892 1650 non
908 1585 969 1648 hoc
987 1584 1098 1667 solum,
1123 1584 1208 1667 quod
1226 1584 1321 1650 modo

140 1697 330 1777 statuimus,
361 1694 540 1760 Aeschines
570 1695 749 1778 contendit,
783 1697 838 1760 sed
861 1697 988 1760 omuino
1011 1717 1146 1761 coronas
1167 1717 1280 1760 aureas
1303 1717 1323 1762 a

141 1807 262 1891 populo
281 1806 375 1872 datas
390 1808 423 1871 in
439 1809 565 1872 theatro
581 1809 762 1872 renuntiari
775 1807 859 1890 leges
879 1813 997 1872 vetare.
1043 1806 1093 1872 At
1114 1829 1167 1872 eas
1190 1829 1323 1872 coronas

141 1941 266 2002 aureas,
289 1940 370 2002 quas
393 1919 523 2002 regibus
545 1940 721 2002 regumque
742 1919 870 1984 asseclis
894 1924 926 1984 et
952 1917 1080 2002 populis
1106 1918 1322 2004 Athenienses

141 2031 316 2112 dederunt,
349 2031 413 2094 iam
442 2031 516 2095 inde
538 2053 557 2095 a
577 2031 681 2115 primo
700 2035 859 2114 tempore,
891 2031 998 2113 quoad
1021 2051 1038 2094 e
1058 2029 1161 2094 titulis
1180 2031 1324 2096 iudicare

139 2143 232 2224 licet,
261 2143 295 2205 in
323 2141 449 2207 theatro
480 2163 548 2207 esse
573 2141 789 2226 proclamatas
811 2142 958 2208 vidimus.
1002 2141 1131 2206 Dixerit
1153 2142 1322 2224 quispiam,

140 2253 246 2337 legem
268 2275 365 2336 quam
387 2254 578 2336 interposuit
595 2254 783 2335 Aeschines,
809 2253 851 2318 ad
871 2254 988 2318 civium
1009 2253 1146 2319 honores
1166 2254 1324 2336 pertinere

144 2371 231 2446 (nam
254 2385 330 2428 sane
346 2364 549 2428 decretorum
566 2385 686 2447 eorum,
711 2385 794 2446 quae
811 2387 909 2448 supra
930 2365 1036 2430 subB
1058 2365 1323 2447 enumeravimus,

144 2477 271 2542 saeculo
285 2475 345 2539 III
367 2475 532 2558 antiquius
548 2481 596 2540 est
615 2475 885 2544 solum011809
903 2475 979 2558 (No.
994 2481 1035 2560 l),
1058 2478 1149 2542 cuius
1165 2477 1323 2541 rationem

145 2588 241 2652 ahiam
266 2608 347 2668 esse,
375 2607 473 2668 quam
496 2593 686 2670 ceterorum,
710 2585 867 2673 apparet).
913 2587 962 2652 At
985 2609 1043 2652 our
1064 2588 1125 2652 hoc
1141 2607 1204 2652 non
1228 2587 1323 2651 modo

143 2699 246 2764 tacuit
277 2695 472 2779 Aeschines,
507 2697 562 2762 sed
596 2699 674 2763 data
708 2721 805 2782 opera
832 2697 968 2764 celavit?
1016 2698 1264 2781 Examinemus,
1298 2699 1325 2762 si

143 2811 264 2894 placet,
308 2807 417 2892 paullo
449 2810 630 2874 accuratius
663 2811 730 2875 eius
766 2813 1086 2894 argumentationem.
1143 2810 1324 2894 Speciosius

143 2942 242 3003 quam
270 2920 375 2984 verius
404 2918 473 2984 fieri
498 2941 560 2984 non
590 2941 700 3004 posse,
732 2927 768 2986 ut
793 2943 877 3003 quae
900 2921 955 2986 illa
976 2922 1046 3004 lege
1067 2921 1323 3005 prohiberentur,

142 3031 403 3115 permitterentur
424 3031 495 3114 lege
522 3030 729 3115 Dionysiaca,
759 3033 978 3097 demonstrare
1013 3037 1146 3098 conatus
1174 3030 1254 3118 §45
1279 3032 1324 3096 sic

142 3143 210 3208 fere
232 3143 451 3225 argumentari
473 3142 591 3225 pergit:
629 3140 725 3226 Quod
750 3163 823 3206 oum
844 3142 914 3225 lege
935 3143 1161 3225 praecipiatur,
1184 3148 1221 3207 ut
1243 3164 1324 3225 quos

142 3259 273 3320 senatus
295 3254 509 3335 coronaverit,
539 3254 572 3316 iu
596 3253 763 3336 senaculo,
792 3275 872 3336 quos
895 3254 1050 3338 populus,
1074 3254 1107 3316 in
1128 3255 1255 3319 comitio
1276 3276 1323 3319 re·

141 3365 341 3446 nuntientur,
364 3370 396 3430 et
417 3365 638 3446 interdicatur,
661 3387 701 3429 ne
722 3387 802 3446 quos
822 3367 940 3448 pagani
962 3370 1019 3428 aut
1036 3364 1172 3428 tribules
1193 3386 1324 3429 corona·

141 3476 249 3540 verint
275 3477 308 3539 in
338 3477 510 3541 certamine
532 3477 761 3559 tragoedorum
782 3477 1007 3540 renuntientur
1029 3497 1107 3539 neve
1130 3496 1225 3557 quem
1246 3475 1328 3539 alius

143 3587 318 3670 quisquam
338 3623 378 3634 -
402 3589 474 3670 quis
494 3593 624 3671 praeter
646 3593 803 3670 senatum,
826 3588 991 3670 populum,
1015 3607 1169 3670 paganos,
1191 3586 1328 3652 tribules

140 3697 319 3780 significari
334 3704 456 3782 potest,
484 3701 546 3764 nisi
571 3700 715 3764 civitates
735 3697 887 3764 exterae?
924 3698 977 3763 Ac
997 3719 1031 3763 re
1052 3719 1129 3762 uera
1149 3697 1208 3762 has
1231 3699 1326 3780 signi-

233 3955 255 4022 ¹)
278 3953 420 4024 Quicquid
444 3953 479 4008 de
504 3958 564 4008 tota
589 3970 671 4009 causa
688 3954 861 4022 iudicamus,
887 3954 922 4008 de
945 3954 998 4008 heo
1022 3953 1136 4022 quidem
1160 3971 1191 4008 re
1216 3952 1330 4007 dubitar

139 4044 256 4194 mulmi)
273 4125 368 4181 Litem
387 4125 615 4195 Ctesiphontem
633 4125 762 4179 omnibus
780 4141 838 4178 esse
856 4127 951 4177 notam
969 4141 1077 4180 sumere
1100 4125 1181 4193 lieet3
1206 4124 1331 4179 virorum

140 4211 292 4266 doctorum
316 4213 419 4282 scripta
444 4215 678 4266 enumeraverunt
696 4211 756 4266 Fox
780 4209 824 4264 die
842 4209 1005 4266 Kraazrede
1023 4211 1069 4266 dec
1086 4210 1284 4266 Demosthenes
1302 4215 1331 4264 et

139 4297 248 4353 Reisch
260 4297 491 4369 Bewetssc'ttraap
510 4297 556 4353 des
567 4295 715 4352 Aeschines
732 4295 764 4351 ta
776 4295 824 4350 der
839 4294 911 4352 Rode
921 4315 1003 4368 papea
1020 4296 1175 4366 Ctesiphon.
1198 4295 1330 4366 2Propr.

140 4381 301 4454 Natraberp.
321 4383 389 4439 1884
406 4387 436 4439 et
454 4384 532 4439 laea
1124 4467 1157 4522 4*
