<?xml version="1.0" encoding="UTF-8"?>
<!DOCTYPE html PUBLIC "-//W3C//DTD XHTML 1.0 Transitional//EN"
    "http://www.w3.org/TR/xhtml1/DTD/xhtml1-transitional.dtd">
<html xmlns="http://www.w3.org/1999/xhtml" xml:lang="en" lang="en">
 <head>
  <title>
</title>
<meta http-equiv="Content-Type" content="text/html;charset=utf-8" />
  <meta name='ocr-system' content='tesseract 3.04.00' />
  <meta name='ocr-capabilities' content='ocr_page ocr_carea ocr_par ocr_line ocrx_word'/>
</head>
<body>
  <div class='ocr_page' id='page_1' title='image "./decoronarumapud00schmgoog_0015.png"; bbox 0 0 3128 5128; ppageno 0'>
   <div class='ocr_carea' id='block_1_1' title="bbox 749 413 950 487">
    <p class='ocr_par' dir='ltr' id='par_1_1' title="bbox 749 413 950 487">
     <span class='ocr_line' id='line_1_1' title="bbox 749 413 950 487; baseline -0.005 -31"><span class='ocrx_word' id='word_1_1' title='bbox 749 413 950 487; x_wconf 46' lang='grc' dir='ltr'>.,η-.Ἰ</span> 
     </span>
    </p>
   </div>
   <div class='ocr_carea' id='block_1_2' title="bbox 239 579 1444 1667">
    <p class='ocr_par' dir='ltr' id='par_1_2' title="bbox 239 579 1444 1667">
     <span class='ocr_line' id='line_1_2' title="bbox 239 579 1442 664; baseline -0.004 -16"><span class='ocrx_word' id='word_1_2' title='bbox 239 603 367 664; x_wconf 68' lang='lat' dir='ltr'>‘.suum,</span> <span class='ocrx_word' id='word_1_3' title='bbox 395 582 481 664; x_wconf 91' lang='lat' dir='ltr'>quod</span> <span class='ocrx_word' id='word_1_4' title='bbox 511 580 627 646; x_wconf 88' lang='lat' dir='ltr'>eallido</span> <span class='ocrx_word' id='word_1_5' title='bbox 657 580 790 646; x_wconf 87' lang='lat' dir='ltr'>oonsilio</span> <span class='ocrx_word' id='word_1_6' title='bbox 818 601 925 662; x_wconf 89' lang='lat' dir='ltr'>regem</span> <span class='ocrx_word' id='word_1_7' title='bbox 948 589 1121 662; x_wconf 87' lang='lat' dir='ltr'>servasset,</span> <span class='ocrx_word' id='word_1_8' title='bbox 1153 582 1318 662; x_wconf 83' lang='lat' dir='ltr'>coronari,</span> <span class='ocrx_word' id='word_1_9' title='bbox 1349 579 1442 663; x_wconf 86' lang='lat' dir='ltr'>qued</span> 
     </span>
     <span class='ocr_line' id='line_1_3' title="bbox 256 691 1442 776; baseline -0.002 -18"><span class='ocrx_word' id='word_1_10' title='bbox 256 694 375 760; x_wconf 90' lang='lat' dir='ltr'>multos</span> <span class='ocrx_word' id='word_1_11' title='bbox 406 697 439 756; x_wconf 91' lang='lat' dir='ltr'>et</span> <span class='ocrx_word' id='word_1_12' title='bbox 463 691 585 757; x_wconf 88' lang='lat' dir='ltr'>nobiles</span> <span class='ocrx_word' id='word_1_13' title='bbox 606 691 725 756; x_wconf 86' lang='lat' dir='ltr'>Persas</span> <span class='ocrx_word' id='word_1_14' title='bbox 745 691 954 774; x_wconf 79' lang='lat' dir='ltr'>perdidisset,</span> <span class='ocrx_word' id='word_1_15' title='bbox 983 695 1093 758; x_wconf 90' lang='lat' dir='ltr'>neeari</span> <span class='ocrx_word' id='word_1_16' title='bbox 1114 693 1254 776; x_wconf 88' lang='lat' dir='ltr'>iussisse,</span> <span class='ocrx_word' id='word_1_17' title='bbox 1277 696 1346 776; x_wconf 91' lang='lat' dir='ltr'>ipse</span> <span class='ocrx_word' id='word_1_18' title='bbox 1367 693 1442 756; x_wconf 88' lang='lat' dir='ltr'>iure</span> 
     </span>
     <span class='ocr_line' id='line_1_4' title="bbox 247 801 1443 888; baseline -0.005 -17"><span class='ocrx_word' id='word_1_19' title='bbox 247 805 354 872; x_wconf 65' lang='lat' dir='ltr'>,fidem</span> <span class='ocrx_word' id='word_1_20' title='bbox 375 803 555 885; x_wconf 79' lang='lat' dir='ltr'>denegavit.</span> <span class='ocrx_word' id='word_1_21' title='bbox 590 801 704 884; x_wconf 90' lang='lat' dir='ltr'>Neque</span> <span class='ocrx_word' id='word_1_22' title='bbox 726 804 828 886; x_wconf 93' lang='lat' dir='ltr'>magis</span> <span class='ocrx_word' id='word_1_23' title='bbox 850 803 1011 868; x_wconf 85' lang='lat' dir='ltr'>mentione</span> <span class='ocrx_word' id='word_1_24' title='bbox 1029 804 1126 888; x_wconf 86' lang='lat' dir='ltr'>digna</span> <span class='ocrx_word' id='word_1_25' title='bbox 1144 811 1192 869; x_wconf 90' lang='lat' dir='ltr'>est</span> <span class='ocrx_word' id='word_1_26' title='bbox 1208 803 1443 887; x_wconf 77' lang='lat' dir='ltr'>Xenophontis</span> 
     </span>
     <span class='ocr_line' id='line_1_5' title="bbox 257 913 1442 998; baseline -0.002 -18"><span class='ocrx_word' id='word_1_27' title='bbox 257 917 291 982; x_wconf 93' lang='lat' dir='ltr'>in</span> <span class='ocrx_word' id='word_1_28' title='bbox 305 995 306 998; x_wconf 8' lang='grc' dir='ltr'><strong>Ἴ</strong></span> <span class='ocrx_word' id='word_1_29' title='bbox 320 914 524 998; x_wconf 82' lang='lat' dir='ltr'>Oyropaedia</span> <span class='ocrx_word' id='word_1_30' title='bbox 558 916 719 996; x_wconf 89' lang='lat' dir='ltr'>narrati0,</span> <span class='ocrx_word' id='word_1_31' title='bbox 754 913 941 996; x_wconf 84' lang='lat' dir='ltr'>Oyaxarem</span> <span class='ocrx_word' id='word_1_32' title='bbox 965 915 1050 998; x_wconf 84' lang='lat' dir='ltr'>Oyro</span> <span class='ocrx_word' id='word_1_33' title='bbox 1080 937 1231 980; x_wconf 87' lang='lat' dir='ltr'>eoronam</span> <span class='ocrx_word' id='word_1_34' title='bbox 1266 914 1400 978; x_wconf 89' lang='lat' dir='ltr'>misisse.</span> <span class='ocrx_word' id='word_1_35' title='bbox 1413 914 1442 991; x_wconf 84' lang='grc'>1)</span> 
     </span>
     <span class='ocr_line' id='line_1_6' title="bbox 246 1023 1442 1110; baseline -0.006 -16"><span class='ocrx_word' id='word_1_36' title='bbox 246 1029 321 1110; x_wconf 91' lang='lat' dir='ltr'>His</span> <span class='ocrx_word' id='word_1_37' title='bbox 343 1027 462 1092; x_wconf 84' lang='lat' dir='ltr'>fabulis</span> <span class='ocrx_word' id='word_1_38' title='bbox 484 1049 557 1092; x_wconf 91' lang='lat' dir='ltr'>oum</span> <span class='ocrx_word' id='word_1_39' title='bbox 574 1048 666 1090; x_wconf 92' lang='lat' dir='ltr'>nemo</span> <span class='ocrx_word' id='word_1_40' title='bbox 685 1027 839 1109; x_wconf 87' lang='lat' dir='ltr'>deceptus</span> <span class='ocrx_word' id='word_1_41' title='bbox 856 1027 906 1107; x_wconf 90' lang='lat' dir='ltr'>sit,</span> <span class='ocrx_word' id='word_1_42' title='bbox 929 1047 1028 1108; x_wconf 89' lang='lat' dir='ltr'>quam</span> <span class='ocrx_word' id='word_1_43' title='bbox 1044 1049 1111 1110; x_wconf 87' lang='lat' dir='ltr'>nun</span> <span class='ocrx_word' id='word_1_44' title='bbox 1146 1027 1274 1092; x_wconf 87' lang='lat' dir='ltr'>efellere</span> <span class='ocrx_word' id='word_1_45' title='bbox 1290 1023 1442 1106; x_wconf 78' lang='lat' dir='ltr'>studebo,</span> 
     </span>
     <span class='ocr_line' id='line_1_7' title="bbox 260 1137 1442 1221; baseline -0.006 -15"><span class='ocrx_word' id='word_1_46' title='bbox 260 1161 332 1206; x_wconf 88' lang='lat' dir='ltr'>eam</span> <span class='ocrx_word' id='word_1_47' title='bbox 360 1139 472 1203; x_wconf 92' lang='lat' dir='ltr'>multis</span> <span class='ocrx_word' id='word_1_48' title='bbox 502 1137 669 1220; x_wconf 81' lang='lat' dir='ltr'>doctisque</span> <span class='ocrx_word' id='word_1_49' title='bbox 690 1138 771 1212; x_wconf 50' lang='lat' dir='ltr'>¹airis</span> <span class='ocrx_word' id='word_1_50' title='bbox 801 1138 988 1221; x_wconf 89' lang='lat' dir='ltr'>imposuisse</span> <span class='ocrx_word' id='word_1_51' title='bbox 1017 1141 1124 1204; x_wconf 91' lang='lat' dir='ltr'>miro.</span> <span class='ocrx_word' id='word_1_52' title='bbox 1166 1137 1332 1202; x_wconf 89' lang='lat' dir='ltr'>Diodorus</span> <span class='ocrx_word' id='word_1_53' title='bbox 1355 1137 1442 1201; x_wconf 89' lang='lat' dir='ltr'>enim</span> 
     </span>
     <span class='ocr_line' id='line_1_8' title="bbox 260 1249 1442 1334; baseline -0.005 -18"><span class='ocrx_word' id='word_1_54' title='bbox 260 1254 325 1333; x_wconf 80' lang='lat' dir='ltr'>sire</span> <span class='ocrx_word' id='word_1_55' title='bbox 340 1252 447 1334; x_wconf 89' lang='lat' dir='ltr'>potius</span> <span class='ocrx_word' id='word_1_56' title='bbox 462 1250 614 1314; x_wconf 78' lang='lat' dir='ltr'>Timaeus</span> <span class='ocrx_word' id='word_1_57' title='bbox 632 1249 913 1332; x_wconf 81' lang='lat' dir='ltr'>Carthaginienses</span> <span class='ocrx_word' id='word_1_58' title='bbox 925 1251 1133 1332; x_wconf 89' lang='lat' dir='ltr'>Demareten,</span> <span class='ocrx_word' id='word_1_59' title='bbox 1152 1249 1285 1316; x_wconf 80' lang='lat' dir='ltr'>Gelonis</span> <span class='ocrx_word' id='word_1_60' title='bbox 1297 1267 1442 1328; x_wconf 86' lang='lat' dir='ltr'>uxorem,</span> 
     </span>
     <span class='ocr_line' id='line_1_9' title="bbox 261 1351 1443 1446; baseline -0.005 -20"><span class='ocrx_word' id='word_1_61' title='bbox 261 1362 349 1446; x_wconf 92' lang='lat' dir='ltr'>quod</span> <span class='ocrx_word' id='word_1_62' title='bbox 377 1361 439 1427; x_wconf 93' lang='lat' dir='ltr'>sibi</span> <span class='ocrx_word' id='word_1_63' title='bbox 467 1381 578 1444; x_wconf 87' lang='lat' dir='ltr'>paoem</span> <span class='ocrx_word' id='word_1_64' title='bbox 607 1382 745 1443; x_wconf 88' lang='lat' dir='ltr'>aequam</span> <span class='ocrx_word' id='word_1_65' title='bbox 768 1351 1021 1443; x_wconf 67' lang='lat' dir='ltr'>nominavisset,</span> <span class='ocrx_word' id='word_1_66' title='bbox 1052 1384 1170 1426; x_wconf 82' lang='lat' dir='ltr'>corona</span> <span class='ocrx_word' id='word_1_67' title='bbox 1190 1382 1289 1426; x_wconf 87' lang='lat' dir='ltr'>aurea</span> <span class='ocrx_word' id='word_1_68' title='bbox 1311 1364 1443 1423; x_wconf 87' lang='lat' dir='ltr'>eentum</span> 
     </span>
     <span class='ocr_line' id='line_1_10' title="bbox 260 1471 1444 1555; baseline -0.008 -15"><span class='ocrx_word' id='word_1_69' title='bbox 260 1473 421 1540; x_wconf 84' lang='lat' dir='ltr'>talentum</span> <span class='ocrx_word' id='word_1_70' title='bbox 450 1473 585 1537; x_wconf 90' lang='lat' dir='ltr'>donasse</span> <span class='ocrx_word' id='word_1_71' title='bbox 613 1494 715 1555; x_wconf 87' lang='lat' dir='ltr'>eoque</span> <span class='ocrx_word' id='word_1_72' title='bbox 746 1495 786 1538; x_wconf 85' lang='lat' dir='ltr'>ex</span> <span class='ocrx_word' id='word_1_73' title='bbox 812 1495 892 1538; x_wconf 87' lang='lat' dir='ltr'>auro</span> <span class='ocrx_word' id='word_1_74' title='bbox 916 1473 1113 1538; x_wconf 88' lang='lat' dir='ltr'>Demareten</span> <span class='ocrx_word' id='word_1_75' title='bbox 1143 1495 1291 1538; x_wconf 90' lang='lat' dir='ltr'>nummos</span> <span class='ocrx_word' id='word_1_76' title='bbox 1316 1471 1444 1536; x_wconf 82' lang='lat' dir='ltr'>audisse</span> 
     </span>
     <span class='ocr_line' id='line_1_11' title="bbox 262 1583 1444 1667; baseline -0.003 -19"><span class='ocrx_word' id='word_1_77' title='bbox 262 1585 363 1650; x_wconf 87' lang='lat' dir='ltr'>tradit</span> <span class='ocrx_word' id='word_1_78' title='bbox 375 1584 418 1665; x_wconf 72' lang='lat'>2),</span> <span class='ocrx_word' id='word_1_79' title='bbox 440 1605 524 1666; x_wconf 87' lang='lat' dir='ltr'>quae</span> <span class='ocrx_word' id='word_1_80' title='bbox 543 1584 593 1648; x_wconf 84' lang='lat' dir='ltr'>vel</span> <span class='ocrx_word' id='word_1_81' title='bbox 616 1605 655 1648; x_wconf 91' lang='lat' dir='ltr'>ea</span> <span class='ocrx_word' id='word_1_82' title='bbox 676 1585 717 1650; x_wconf 90' lang='lat' dir='ltr'>de</span> <span class='ocrx_word' id='word_1_83' title='bbox 739 1606 838 1650; x_wconf 86' lang='lat' dir='ltr'>eausa</span> <span class='ocrx_word' id='word_1_84' title='bbox 858 1585 1071 1667; x_wconf 90' lang='lat' dir='ltr'>improbanda</span> <span class='ocrx_word' id='word_1_85' title='bbox 1094 1591 1186 1667; x_wconf 89' lang='lat' dir='ltr'>sunt,</span> <span class='ocrx_word' id='word_1_86' title='bbox 1215 1585 1303 1667; x_wconf 89' lang='lat' dir='ltr'>quod</span> <span class='ocrx_word' id='word_1_87' title='bbox 1324 1583 1444 1646; x_wconf 89' lang='lat' dir='ltr'>mirum</span> 
     </span>
    </p>
   </div>
   <div class='ocr_carea' id='block_1_3' title="bbox 251 1691 1536 1782">
    <p class='ocr_par' dir='ltr' id='par_1_3' title="bbox 251 1691 1536 1782">
     <span class='ocr_line' id='line_1_12' title="bbox 251 1691 1536 1782; baseline -0.005 -20"><span class='ocrx_word' id='word_1_88' title='bbox 251 1717 302 1782; x_wconf 83' lang='lat' dir='ltr'>ue</span> <span class='ocrx_word' id='word_1_89' title='bbox 323 1696 427 1761; x_wconf 83' lang='lat' dir='ltr'>dicam</span> <span class='ocrx_word' id='word_1_90' title='bbox 457 1695 634 1760; x_wconf 88' lang='lat' dir='ltr'>absurdum</span> <span class='ocrx_word' id='word_1_91' title='bbox 660 1702 708 1762; x_wconf 89' lang='lat' dir='ltr'>est</span> <span class='ocrx_word' id='word_1_92' title='bbox 736 1717 775 1760; x_wconf 88' lang='lat' dir='ltr'>ex</span> <span class='ocrx_word' id='word_1_93' title='bbox 798 1717 917 1761; x_wconf 82' lang='lat' dir='ltr'>corona</span> <span class='ocrx_word' id='word_1_94' title='bbox 936 1718 1085 1761; x_wconf 88' lang='lat' dir='ltr'>nummos</span> <span class='ocrx_word' id='word_1_95' title='bbox 1107 1697 1221 1762; x_wconf 83' lang='lat' dir='ltr'>faeere.</span> <span class='ocrx_word' id='word_1_96' title='bbox 1266 1695 1366 1761; x_wconf 83' lang='lat' dir='ltr'>Dicat</span> <span class='ocrx_word' id='word_1_97' title='bbox 1384 1693 1445 1757; x_wconf 88' lang='lat' dir='ltr'>ali·</span> <span class='ocrx_word' id='word_1_98' title='bbox 1535 1691 1536 1710; x_wconf 65' lang='lat'>¹</span> 
     </span>
    </p>
   </div>
   <div class='ocr_carea' id='block_1_4' title="bbox 159 1943 1448 2220">
    <p class='ocr_par' dir='ltr' id='par_1_4' title="bbox 159 1943 1448 2220">
     <span class='ocr_line' id='line_1_13' title="bbox 159 1943 1446 2054; baseline -0.005 -19"><span class='ocrx_word' id='word_1_99' title='bbox 159 2049 161 2054; x_wconf 25' lang='grc' dir='ltr'>Ι</span> <span class='ocrx_word' id='word_1_100' title='bbox 249 1943 389 2034; x_wconf 70' lang='grc' dir='ltr'>’Κοεὴῑεε</span> <span class='ocrx_word' id='word_1_101' title='bbox 407 1950 637 2047; x_wconf 81' lang='lat' dir='ltr'>Petropolitanus</span> <span class='ocrx_word' id='word_1_102' title='bbox 655 1976 684 2030; x_wconf 90' lang='lat' dir='ltr'>in</span> <span class='ocrx_word' id='word_1_103' title='bbox 708 1977 919 2031; x_wconf 88' lang='lat' dir='ltr'>dissertatione:</span> <span class='ocrx_word' id='word_1_104' title='bbox 945 1976 1028 2044; x_wconf 68' lang='lat' dir='ltr'>„aab</span> <span class='ocrx_word' id='word_1_105' title='bbox 1052 1994 1079 2031; x_wconf 84' lang='lat' dir='ltr'>es</span> <span class='ocrx_word' id='word_1_106' title='bbox 1104 1976 1145 2030; x_wconf 83' lang='lat' dir='ltr'>bet</span> <span class='ocrx_word' id='word_1_107' title='bbox 1169 1975 1221 2030; x_wconf 79' lang='lat' dir='ltr'>deo</span> <span class='ocrx_word' id='word_1_108' title='bbox 1244 1973 1327 2028; x_wconf 80' lang='lat' dir='ltr'>Attea</span> <span class='ocrx_word' id='word_1_109' title='bbox 1344 1973 1446 2028; x_wconf 81' lang='lat' dir='ltr'>Belob-</span> 
     </span>
     <span class='ocr_line' id='line_1_14' title="bbox 263 2059 1448 2136; baseline -0.007 -16"><span class='ocrx_word' id='word_1_110' title='bbox 263 2082 375 2136; x_wconf 75' lang='grc' dir='ltr'><strong><em>κκκροιι</em></strong></span> <span class='ocrx_word' id='word_1_111' title='bbox 393 2064 439 2118; x_wconf 79' lang='lat' dir='ltr'>des</span> <span class='ocrx_word' id='word_1_112' title='bbox 461 2063 631 2120; x_wconf 79' lang='lat' dir='ltr'>Verdtenstea</span> <span class='ocrx_word' id='word_1_113' title='bbox 648 2081 697 2118; x_wconf 83' lang='grc' dir='ltr'><strong><em>κιιι</em></strong></span> <span class='ocrx_word' id='word_1_114' title='bbox 715 2063 767 2118; x_wconf 79' lang='lat' dir='ltr'>dea</span> <span class='ocrx_word' id='word_1_115' title='bbox 785 2064 876 2128; x_wconf 80' lang='lat' dir='ltr'>Stant,</span> <span class='ocrx_word' id='word_1_116' title='bbox 894 2063 990 2117; x_wconf 80' lang='lat' dir='ltr'>welche</span> <span class='ocrx_word' id='word_1_117' title='bbox 1008 2063 1061 2116; x_wconf 82' lang='lat' dir='ltr'>dea</span> <span class='ocrx_word' id='word_1_118' title='bbox 1080 2060 1264 2118; x_wconf 77' lang='lat' dir='ltr'>Ritterordea</span> <span class='ocrx_word' id='word_1_119' title='bbox 1281 2077 1365 2114; x_wconf 77' lang='grc' dir='ltr'><strong><em>κικεκ</em></strong></span> <span class='ocrx_word' id='word_1_120' title='bbox 1381 2059 1448 2113; x_wconf 82' lang='lat' dir='ltr'>Zeit</span> 
     </span>
     <span class='ocr_line' id='line_1_15' title="bbox 265 2143 1446 2220; baseline -0.007 -14"><span class='ocrx_word' id='word_1_121' title='bbox 265 2150 377 2206; x_wconf 71' lang='lat' dir='ltr'>aialim</span> <span class='ocrx_word' id='word_1_122' title='bbox 400 2153 511 2206; x_wconf 81' lang='lat' dir='ltr'>warea“</span> <span class='ocrx_word' id='word_1_123' title='bbox 536 2150 570 2204; x_wconf 86' lang='lat' dir='ltr'>ef.</span> <span class='ocrx_word' id='word_1_124' title='bbox 596 2150 654 2204; x_wconf 89' lang='lat' dir='ltr'>eius</span> <span class='ocrx_word' id='word_1_125' title='bbox 678 2150 868 2220; x_wconf 77' lang='lat' dir='ltr'>„gesemmelte</span> <span class='ocrx_word' id='word_1_126' title='bbox 893 2149 1053 2216; x_wconf 55' lang='lat' dir='ltr'>sebastem</span> <span class='ocrx_word' id='word_1_127' title='bbox 1078 2149 1120 2202; x_wconf 91' lang='lat' dir='ltr'>ed.</span> <span class='ocrx_word' id='word_1_128' title='bbox 1147 2147 1290 2216; x_wconf 86' lang='lat' dir='ltr'>Stephany</span> <span class='ocrx_word' id='word_1_129' title='bbox 1314 2145 1366 2199; x_wconf 88' lang='lat' dir='ltr'>vol.</span> <span class='ocrx_word' id='word_1_130' title='bbox 1393 2143 1446 2199; x_wconf 90' lang='lat' dir='ltr'>VI.</span> 
     </span>
    </p>
   </div>
   <div class='ocr_carea' id='block_1_5' title="bbox 265 2231 1536 2478">
    <p class='ocr_par' dir='ltr' id='par_1_5' title="bbox 265 2231 1536 2478">
     <span class='ocr_line' id='line_1_16' title="bbox 265 2231 1536 2312; baseline -0.006 -21"><span class='ocrx_word' id='word_1_131' title='bbox 265 2237 405 2291; x_wconf 90' lang='lat' dir='ltr'>Herodoti</span> <span class='ocrx_word' id='word_1_132' title='bbox 422 2240 515 2290; x_wconf 88' lang='lat' dir='ltr'>autem</span> <span class='ocrx_word' id='word_1_133' title='bbox 533 2237 610 2290; x_wconf 89' lang='lat' dir='ltr'>loeus</span> <span class='ocrx_word' id='word_1_134' title='bbox 628 2237 721 2290; x_wconf 86' lang='lat' dir='ltr'>neseio</span> <span class='ocrx_word' id='word_1_135' title='bbox 740 2253 794 2304; x_wconf 90' lang='lat' dir='ltr'>quo</span> <span class='ocrx_word' id='word_1_136' title='bbox 812 2239 896 2304; x_wconf 85' lang='lat' dir='ltr'>pacto</span> <span class='ocrx_word' id='word_1_137' title='bbox 914 2236 1005 2289; x_wconf 88' lang='lat' dir='ltr'>virum</span> <span class='ocrx_word' id='word_1_138' title='bbox 1030 2235 1221 2288; x_wconf 83' lang='lat' dir='ltr'>doctissimum</span> <span class='ocrx_word' id='word_1_139' title='bbox 1245 2232 1327 2302; x_wconf 85' lang='lat' dir='ltr'>fugit.</span> <span class='ocrx_word' id='word_1_140' title='bbox 1363 2231 1447 2284; x_wconf 84' lang='lat' dir='ltr'>Oete·</span> <span class='ocrx_word' id='word_1_141' title='bbox 1535 2289 1536 2312; x_wconf 29' lang='grc' dir='ltr'><strong><em>η</em></strong></span> 
     </span>
     <span class='ocr_line' id='line_1_17' title="bbox 265 2317 1536 2392; baseline -0.003 -16"><span class='ocrx_word' id='word_1_142' title='bbox 265 2341 328 2376; x_wconf 90' lang='lat' dir='ltr'>rum</span> <span class='ocrx_word' id='word_1_143' title='bbox 352 2323 447 2392; x_wconf 82' lang='lat' dir='ltr'>colligi</span> <span class='ocrx_word' id='word_1_144' title='bbox 470 2339 526 2376; x_wconf 90' lang='lat' dir='ltr'>non</span> <span class='ocrx_word' id='word_1_145' title='bbox 550 2322 630 2388; x_wconf 87' lang='lat' dir='ltr'>lieet,</span> <span class='ocrx_word' id='word_1_146' title='bbox 654 2326 729 2388; x_wconf 88' lang='lat' dir='ltr'>tum,</span> <span class='ocrx_word' id='word_1_147' title='bbox 754 2340 817 2376; x_wconf 88' lang='lat' dir='ltr'>oum</span> <span class='ocrx_word' id='word_1_148' title='bbox 840 2322 909 2375; x_wconf 85' lang='lat' dir='ltr'>haee</span> <span class='ocrx_word' id='word_1_149' title='bbox 926 2322 1021 2375; x_wconf 87' lang='lat' dir='ltr'>sabula</span> <span class='ocrx_word' id='word_1_150' title='bbox 1039 2325 1100 2374; x_wconf 90' lang='lat' dir='ltr'>orta</span> <span class='ocrx_word' id='word_1_151' title='bbox 1118 2325 1173 2386; x_wconf 90' lang='lat' dir='ltr'>est,</span> <span class='ocrx_word' id='word_1_152' title='bbox 1198 2318 1273 2388; x_wconf 90' lang='lat' dir='ltr'>apud</span> <span class='ocrx_word' id='word_1_153' title='bbox 1291 2317 1446 2372; x_wconf 82' lang='lat' dir='ltr'>Graecos</span> <span class='ocrx_word' id='word_1_154' title='bbox 1535 2327 1536 2360; x_wconf 64' lang='grc' dir='ltr'><strong>ἓ</strong></span> 
     </span>
     <span class='ocr_line' id='line_1_18' title="bbox 265 2406 1536 2478; baseline -0.005 -15"><span class='ocrx_word' id='word_1_155' title='bbox 265 2425 370 2463; x_wconf 90' lang='lat' dir='ltr'>morem</span> <span class='ocrx_word' id='word_1_156' title='bbox 390 2425 504 2462; x_wconf 88' lang='lat' dir='ltr'>eoronas</span> <span class='ocrx_word' id='word_1_157' title='bbox 527 2407 674 2478; x_wconf 80' lang='lat' dir='ltr'>publice</span> <span class='ocrx_word' id='word_1_158' title='bbox 699 2408 805 2462; x_wconf 88' lang='lat' dir='ltr'>dandi</span> <span class='ocrx_word' id='word_1_159' title='bbox 829 2408 928 2476; x_wconf 84' lang='lat' dir='ltr'>fuisse;</span> <span class='ocrx_word' id='word_1_160' title='bbox 954 2407 1010 2460; x_wconf 87' lang='lat' dir='ltr'>iam</span> <span class='ocrx_word' id='word_1_161' title='bbox 1034 2410 1116 2460; x_wconf 82' lang='lat' dir='ltr'>antea</span> <span class='ocrx_word' id='word_1_162' title='bbox 1139 2406 1213 2460; x_wconf 88' lang='lat' dir='ltr'>enim</span> <span class='ocrx_word' id='word_1_163' title='bbox 1231 2407 1347 2474; x_wconf 89' lang='lat' dir='ltr'>propter</span> <span class='ocrx_word' id='word_1_164' title='bbox 1365 2422 1446 2458; x_wconf 90' lang='lat' dir='ltr'>usum</span> <span class='ocrx_word' id='word_1_165' title='bbox 1535 2419 1536 2446; x_wconf 60' lang='lat' dir='ltr'>t</span> 
     </span>
    </p>
   </div>
   <div class='ocr_carea' id='block_1_6' title="bbox 266 2491 1447 2564">
    <p class='ocr_par' dir='ltr' id='par_1_6' title="bbox 266 2491 1447 2564">
     <span class='ocr_line' id='line_1_19' title="bbox 266 2491 1447 2564; baseline -0.005 -15"><span class='ocrx_word' id='word_1_166' title='bbox 266 2495 386 2550; x_wconf 78' lang='lat' dir='ltr'>viatores</span> <span class='ocrx_word' id='word_1_167' title='bbox 404 2495 588 2550; x_wconf 83' lang='lat' dir='ltr'>certaminum</span> <span class='ocrx_word' id='word_1_168' title='bbox 606 2495 759 2548; x_wconf 83' lang='lat' dir='ltr'>decorandi</span> <span class='ocrx_word' id='word_1_169' title='bbox 774 2511 903 2550; x_wconf 87' lang='lat' dir='ltr'>coronam</span> <span class='ocrx_word' id='word_1_170' title='bbox 920 2493 1076 2564; x_wconf 88' lang='lat' dir='ltr'>praemium</span> <span class='ocrx_word' id='word_1_171' title='bbox 1099 2492 1244 2560; x_wconf 84' lang='lat' dir='ltr'>laudisque</span> <span class='ocrx_word' id='word_1_172' title='bbox 1261 2491 1369 2560; x_wconf 83' lang='lat' dir='ltr'>insigne</span> <span class='ocrx_word' id='word_1_173' title='bbox 1387 2507 1447 2544; x_wconf 87' lang='lat' dir='ltr'>esse</span> 
     </span>
    </p>
   </div>
   <div class='ocr_carea' id='block_1_7' title="bbox 267 2576 1536 2738">
    <p class='ocr_par' dir='ltr' id='par_1_7' title="bbox 267 2553 1536 2738">
     <span class='ocr_line' id='line_1_20' title="bbox 268 2576 1447 2662; baseline -0.005 -27"><span class='ocrx_word' id='word_1_174' title='bbox 268 2580 367 2635; x_wconf 81' lang='lat' dir='ltr'>Graeci</span> <span class='ocrx_word' id='word_1_175' title='bbox 391 2581 513 2650; x_wconf 83' lang='lat' dir='ltr'>cogitare</span> <span class='ocrx_word' id='word_1_176' title='bbox 537 2584 720 2662; x_wconf 84' lang='lat' dir='ltr'>assueverant.</span> <span class='ocrx_word' id='word_1_177' title='bbox 744 2579 929 2649; x_wconf 79' lang='grc' dir='ltr'><strong><em>(στεφανῶσαι</em></strong></span> <span class='ocrx_word' id='word_1_178' title='bbox 947 2606 980 2624; x_wconf 94' lang='lat'><strong><em>=</em></strong></span> <span class='ocrx_word' id='word_1_179' title='bbox 998 2580 1135 2633; x_wconf 85' lang='lat' dir='ltr'>honorare</span> <span class='ocrx_word' id='word_1_180' title='bbox 1158 2579 1249 2647; x_wconf 89' lang='lat' dir='ltr'>primo</span> <span class='ocrx_word' id='word_1_181' title='bbox 1273 2577 1347 2646; x_wconf 91' lang='lat' dir='ltr'>apud</span> <span class='ocrx_word' id='word_1_182' title='bbox 1365 2576 1447 2630; x_wconf 79' lang='lat' dir='ltr'>Euri·</span> 
     </span>
     <span class='ocr_line' id='line_1_21' title="bbox 267 2657 1536 2738; baseline -0.008 -18"><span class='ocrx_word' id='word_1_183' title='bbox 267 2667 361 2736; x_wconf 89' lang='lat' dir='ltr'>pidem</span> <span class='ocrx_word' id='word_1_184' title='bbox 378 2666 495 2738; x_wconf 86' lang='lat' dir='ltr'>[Hecab.</span> <span class='ocrx_word' id='word_1_185' title='bbox 511 2666 581 2737; x_wconf 80' lang='lat'>125]‚</span> <span class='ocrx_word' id='word_1_186' title='bbox 599 2671 660 2720; x_wconf 91' lang='lat' dir='ltr'>tum</span> <span class='ocrx_word' id='word_1_187' title='bbox 673 2667 782 2735; x_wconf 86' lang='lat' dir='ltr'>saepius</span> <span class='ocrx_word' id='word_1_188' title='bbox 794 2665 869 2733; x_wconf 90' lang='lat' dir='ltr'>apud</span> <span class='ocrx_word' id='word_1_189' title='bbox 881 2665 1007 2719; x_wconf 86' lang='lat' dir='ltr'>rhetores</span> <span class='ocrx_word' id='word_1_190' title='bbox 1019 2665 1168 2731; x_wconf 88' lang='lat' dir='ltr'>invenitur,</span> <span class='ocrx_word' id='word_1_191' title='bbox 1189 2665 1225 2717; x_wconf 85' lang='lat' dir='ltr'>ef.</span> <span class='ocrx_word' id='word_1_192' title='bbox 1237 2661 1446 2718; x_wconf 86' lang='lat' dir='ltr'>Pseudoandoe.</span> <span class='ocrx_word' id='word_1_193' title='bbox 1535 2657 1536 2710; x_wconf 46' lang='grc' dir='ltr'>ἦ</span> 
     </span>
    </p>
   </div>
   <div class='ocr_carea' id='block_1_8' title="bbox 267 2749 1447 2910">
    <p class='ocr_par' dir='ltr' id='par_1_8' title="bbox 267 2749 1447 2910">
     <span class='ocr_line' id='line_1_22' title="bbox 267 2749 1447 2823; baseline -0.007 -17"><span class='ocrx_word' id='word_1_194' title='bbox 267 2753 297 2806; x_wconf 92' lang='lat' dir='ltr'>in</span> <span class='ocrx_word' id='word_1_195' title='bbox 315 2752 408 2807; x_wconf 85' lang='lat' dir='ltr'>Aloib.</span> <span class='ocrx_word' id='word_1_196' title='bbox 428 2752 461 2823; x_wconf 58' lang='grc' dir='ltr'>ἐξ</span> <span class='ocrx_word' id='word_1_197' title='bbox 479 2755 521 2807; x_wconf 81' lang='lat'>26.</span> <span class='ocrx_word' id='word_1_198' title='bbox 540 2754 582 2806; x_wconf 82' lang='lat'>31.</span> <span class='ocrx_word' id='word_1_199' title='bbox 617 2751 865 2806; x_wconf 88' lang='lat' dir='ltr'>Pseudodemosth.</span> <span class='ocrx_word' id='word_1_200' title='bbox 883 2750 988 2806; x_wconf 89' lang='lat' dir='ltr'>LVIII</span> <span class='ocrx_word' id='word_1_201' title='bbox 1005 2753 1039 2805; x_wconf 83' lang='grc'>86</span> <span class='ocrx_word' id='word_1_202' title='bbox 1063 2767 1153 2818; x_wconf 87' lang='lat' dir='ltr'>neque</span> <span class='ocrx_word' id='word_1_203' title='bbox 1172 2749 1305 2802; x_wconf 83' lang='lat' dir='ltr'>dissimile</span> <span class='ocrx_word' id='word_1_204' title='bbox 1329 2751 1371 2802; x_wconf 88' lang='lat' dir='ltr'>est</span> <span class='ocrx_word' id='word_1_205' title='bbox 1389 2767 1447 2798; x_wconf 80' lang='grc' dir='ltr'><strong><em>στε-</em></strong></span> 
     </span>
     <span class='ocr_line' id='line_1_23' title="bbox 269 2833 1447 2910; baseline -0.005 -20"><span class='ocrx_word' id='word_1_206' title='bbox 269 2837 358 2910; x_wconf 76' lang='grc' dir='ltr'><strong><em>φανὸν</em></strong></span> <span class='ocrx_word' id='word_1_207' title='bbox 375 2840 500 2908; x_wconf 76' lang='grc' dir='ltr'><strong><em>περιθεὶς</em></strong></span> <span class='ocrx_word' id='word_1_208' title='bbox 518 2838 624 2894; x_wconf 84' lang='lat' dir='ltr'>Herod.</span> <span class='ocrx_word' id='word_1_209' title='bbox 642 2837 687 2892; x_wconf 91' lang='lat' dir='ltr'>IV</span> <span class='ocrx_word' id='word_1_210' title='bbox 705 2839 758 2906; x_wconf 91' lang='grc'>88.)</span> <span class='ocrx_word' id='word_1_211' title='bbox 794 2836 943 2891; x_wconf 89' lang='lat' dir='ltr'>Inventam</span> <span class='ocrx_word' id='word_1_212' title='bbox 967 2839 1061 2891; x_wconf 91' lang='lat' dir='ltr'>autem</span> <span class='ocrx_word' id='word_1_213' title='bbox 1084 2853 1144 2890; x_wconf 86' lang='lat' dir='ltr'>eam</span> <span class='ocrx_word' id='word_1_214' title='bbox 1163 2835 1286 2888; x_wconf 80' lang='lat' dir='ltr'>fabulam</span> <span class='ocrx_word' id='word_1_215' title='bbox 1304 2833 1447 2900; x_wconf 87' lang='lat' dir='ltr'>aliquanto</span> 
     </span>
    </p>
   </div>
   <div class='ocr_carea' id='block_1_9' title="bbox 268 2917 1536 2996">
    <p class='ocr_par' dir='ltr' id='par_1_9' title="bbox 268 2917 1536 2996">
     <span class='ocr_line' id='line_1_24' title="bbox 268 2917 1536 2996; baseline -0.009 -16"><span class='ocrx_word' id='word_1_216' title='bbox 268 2928 331 2996; x_wconf 85' lang='lat' dir='ltr'>post</span> <span class='ocrx_word' id='word_1_217' title='bbox 349 2924 451 2980; x_wconf 85' lang='lat' dir='ltr'>Xerxis</span> <span class='ocrx_word' id='word_1_218' title='bbox 475 2925 580 2979; x_wconf 89' lang='lat' dir='ltr'>bellum</span> <span class='ocrx_word' id='word_1_219' title='bbox 604 2941 663 2978; x_wconf 85' lang='lat' dir='ltr'>esse</span> <span class='ocrx_word' id='word_1_220' title='bbox 686 2927 770 2994; x_wconf 89' lang='lat' dir='ltr'>puto,</span> <span class='ocrx_word' id='word_1_221' title='bbox 796 2939 860 2978; x_wconf 88' lang='lat' dir='ltr'>eum</span> <span class='ocrx_word' id='word_1_222' title='bbox 883 2923 942 2976; x_wconf 90' lang='lat' dir='ltr'>eius</span> <span class='ocrx_word' id='word_1_223' title='bbox 965 2923 1173 2990; x_wconf 86' lang='lat' dir='ltr'>expeditionum</span> <span class='ocrx_word' id='word_1_224' title='bbox 1194 2937 1290 2974; x_wconf 86' lang='lat' dir='ltr'>recens</span> <span class='ocrx_word' id='word_1_225' title='bbox 1313 2917 1447 2972; x_wconf 86' lang='lat' dir='ltr'>memoria</span> <span class='ocrx_word' id='word_1_226' title='bbox 1535 2923 1536 2982; x_wconf 61' lang='grc' dir='ltr'>ζ</span> 
     </span>
    </p>
   </div>
   <div class='ocr_carea' id='block_1_10' title="bbox 268 3011 1447 3166">
    <p class='ocr_par' dir='ltr' id='par_1_10' title="bbox 268 3011 1447 3166">
     <span class='ocr_line' id='line_1_25' title="bbox 268 3011 578 3082; baseline -0.006 -16"><span class='ocrx_word' id='word_1_227' title='bbox 268 3012 324 3066; x_wconf 87' lang='lat' dir='ltr'>iam</span> <span class='ocrx_word' id='word_1_228' title='bbox 342 3011 578 3082; x_wconf 81' lang='lat' dir='ltr'>exstinguebatur.</span> 
     </span>
     <span class='ocr_line' id='line_1_26' title="bbox 357 3089 1447 3166; baseline -0.011 -14"><span class='ocrx_word' id='word_1_229' title='bbox 357 3099 379 3166; x_wconf 88' lang='lat'>¹)</span> <span class='ocrx_word' id='word_1_230' title='bbox 397 3096 525 3165; x_wconf 88' lang='lat' dir='ltr'>Xenoph.</span> <span class='ocrx_word' id='word_1_231' title='bbox 539 3095 691 3165; x_wconf 83' lang='lat' dir='ltr'>Cyropaed.</span> <span class='ocrx_word' id='word_1_232' title='bbox 710 3095 752 3150; x_wconf 89' lang='lat' dir='ltr'>ed.</span> <span class='ocrx_word' id='word_1_233' title='bbox 772 3094 822 3150; x_wconf 86' lang='lat' dir='ltr'>Ox.</span> <span class='ocrx_word' id='word_1_234' title='bbox 836 3093 912 3149; x_wconf 90' lang='lat' dir='ltr'>VIII</span> <span class='ocrx_word' id='word_1_235' title='bbox 931 3095 954 3150; x_wconf 81' lang='grc' dir='ltr'>ὅ.</span> <span class='ocrx_word' id='word_1_236' title='bbox 975 3096 1015 3148; x_wconf 89' lang='grc'>18.</span> <span class='ocrx_word' id='word_1_237' title='bbox 1046 3093 1086 3148; x_wconf 90' lang='lat' dir='ltr'>Ut</span> <span class='ocrx_word' id='word_1_238' title='bbox 1104 3094 1242 3162; x_wconf 81' lang='lat' dir='ltr'>Oyaxares</span> <span class='ocrx_word' id='word_1_239' title='bbox 1254 3089 1447 3158; x_wconf 88' lang='lat' dir='ltr'>Xenophontis</span> 
     </span>
    </p>
   </div>
   <div class='ocr_carea' id='block_1_11' title="bbox 271 3173 1536 3272">
    <p class='ocr_par' dir='ltr' id='par_1_11' title="bbox 271 3173 1536 3272">
     <span class='ocr_line' id='line_1_27' title="bbox 271 3173 1536 3272; baseline -0.008 -35"><span class='ocrx_word' id='word_1_240' title='bbox 271 3183 382 3238; x_wconf 89' lang='lat' dir='ltr'>omnino</span> <span class='ocrx_word' id='word_1_241' title='bbox 401 3182 482 3236; x_wconf 84' lang='lat' dir='ltr'>fictus</span> <span class='ocrx_word' id='word_1_242' title='bbox 506 3183 554 3252; x_wconf 82' lang='lat' dir='ltr'>(ef.</span> <span class='ocrx_word' id='word_1_243' title='bbox 574 3182 658 3236; x_wconf 77' lang='lat' dir='ltr'>Mdm.</span> <span class='ocrx_word' id='word_1_244' title='bbox 677 3182 711 3235; x_wconf 87' lang='lat' dir='ltr'>de</span> <span class='ocrx_word' id='word_1_245' title='bbox 729 3181 826 3236; x_wconf 85' lang='lat' dir='ltr'>l&#39;aead.</span> <span class='ocrx_word' id='word_1_246' title='bbox 845 3179 893 3234; x_wconf 90' lang='lat' dir='ltr'>des</span> <span class='ocrx_word' id='word_1_247' title='bbox 911 3180 1036 3248; x_wconf 83' lang='lat' dir='ltr'>inscript.</span> <span class='ocrx_word' id='word_1_248' title='bbox 1056 3178 1133 3234; x_wconf 90' lang='lat' dir='ltr'>VllI</span> <span class='ocrx_word' id='word_1_249' title='bbox 1152 3197 1178 3248; x_wconf 90' lang='lat' dir='ltr'>p.</span> <span class='ocrx_word' id='word_1_250' title='bbox 1197 3181 1248 3232; x_wconf 88' lang='grc'>447</span> <span class='ocrx_word' id='word_1_251' title='bbox 1267 3177 1319 3246; x_wconf 86' lang='lat' dir='ltr'>sq.)</span> <span class='ocrx_word' id='word_1_252' title='bbox 1343 3176 1384 3229; x_wconf 86' lang='lat' dir='ltr'>ita</span> <span class='ocrx_word' id='word_1_253' title='bbox 1401 3173 1446 3228; x_wconf 84' lang='lat' dir='ltr'>hie</span> <span class='ocrx_word' id='word_1_254' title='bbox 1535 3253 1536 3272; x_wconf 22' lang='grc' dir='ltr'><strong><em>η</em></strong></span> 
     </span>
    </p>
   </div>
   <div class='ocr_carea' id='block_1_12' title="bbox 270 3267 1450 4468">
    <p class='ocr_par' dir='ltr' id='par_1_12' title="bbox 271 3267 931 3325">
     <span class='ocr_line' id='line_1_28' title="bbox 271 3267 931 3325; baseline -0.005 0"><span class='ocrx_word' id='word_1_255' title='bbox 271 3270 442 3325; x_wconf 77' lang='lat' dir='ltr'>Graecorum</span> <span class='ocrx_word' id='word_1_256' title='bbox 461 3285 525 3322; x_wconf 91' lang='lat' dir='ltr'>usus</span> <span class='ocrx_word' id='word_1_257' title='bbox 542 3268 577 3322; x_wconf 91' lang='lat' dir='ltr'>ad</span> <span class='ocrx_word' id='word_1_258' title='bbox 595 3268 693 3322; x_wconf 89' lang='lat' dir='ltr'>Persas</span> <span class='ocrx_word' id='word_1_259' title='bbox 711 3267 861 3321; x_wconf 88' lang='lat' dir='ltr'>translatus</span> <span class='ocrx_word' id='word_1_260' title='bbox 879 3269 931 3322; x_wconf 89' lang='lat' dir='ltr'>est.</span> 
     </span>
    </p>

    <p class='ocr_par' dir='ltr' id='par_1_13' title="bbox 270 3348 1447 3930">
     <span class='ocr_line' id='line_1_29' title="bbox 357 3348 1447 3424; baseline -0.011 -15"><span class='ocrx_word' id='word_1_261' title='bbox 357 3355 381 3424; x_wconf 76' lang='lat'>²)</span> <span class='ocrx_word' id='word_1_262' title='bbox 400 3355 484 3410; x_wconf 87' lang='lat' dir='ltr'>Diod.</span> <span class='ocrx_word' id='word_1_263' title='bbox 502 3353 547 3409; x_wconf 88' lang='lat' dir='ltr'>XI</span> <span class='ocrx_word' id='word_1_264' title='bbox 559 3357 630 3408; x_wconf 79' lang='lat'>26.3</span> <span class='ocrx_word' id='word_1_265' title='bbox 649 3356 676 3405; x_wconf 79' lang='lat' dir='ltr'>ot</span> <span class='ocrx_word' id='word_1_266' title='bbox 693 3349 722 3404; x_wconf 74' lang='grc' dir='ltr'>δὲ</span> <span class='ocrx_word' id='word_1_267' title='bbox 740 3348 923 3420; x_wconf 73' lang='grc' dir='ltr'><strong><em>Καρχηδόνιοι</em></strong></span> <span class='ocrx_word' id='word_1_268' title='bbox 942 3355 1077 3421; x_wconf 79' lang='grc' dir='ltr'><strong><em>στέφανον</em></strong></span> <span class='ocrx_word' id='word_1_269' title='bbox 1094 3352 1210 3424; x_wconf 76' lang='grc' dir='ltr'><strong><em>χρυσοῦν</em></strong></span> <span class='ocrx_word' id='word_1_270' title='bbox 1228 3351 1260 3416; x_wconf 77' lang='grc' dir='ltr'>τῇ</span> <span class='ocrx_word' id='word_1_271' title='bbox 1278 3352 1383 3419; x_wconf 81' lang='grc' dir='ltr'><strong><em>γυναικὶ</em></strong></span> <span class='ocrx_word' id='word_1_272' title='bbox 1400 3348 1447 3400; x_wconf 87' lang='grc' dir='ltr'>τοῦ</span> 
     </span>
     <span class='ocr_line' id='line_1_30' title="bbox 274 3434 1447 3510; baseline -0.009 -16"><span class='ocrx_word' id='word_1_273' title='bbox 274 3438 395 3496; x_wconf 75' lang='grc' dir='ltr'><strong><em>Γέλωνος</em></strong></span> <span class='ocrx_word' id='word_1_274' title='bbox 409 3440 556 3510; x_wconf 82' lang='grc' dir='ltr'><strong><em>Δημαρέτη</em></strong></span> <span class='ocrx_word' id='word_1_275' title='bbox 569 3436 826 3508; x_wconf 77' lang='grc' dir='ltr'><strong><em>προοωμολόγησαν.</em></strong></span> <span class='ocrx_word' id='word_1_276' title='bbox 846 3435 912 3500; x_wconf 82' lang='grc' dir='ltr'><strong><em>αὕτη</em></strong></span> <span class='ocrx_word' id='word_1_277' title='bbox 931 3479 977 3494; x_wconf 90' lang='grc'>...</span> <span class='ocrx_word' id='word_1_278' title='bbox 996 3440 1203 3506; x_wconf 74' lang='grc' dir='ltr'><strong><em>οτιφανωθεῑσα</em></strong></span> <span class='ocrx_word' id='word_1_279' title='bbox 1220 3434 1269 3487; x_wconf 75' lang='grc' dir='ltr'>ὑπ’</span> <span class='ocrx_word' id='word_1_280' title='bbox 1280 3434 1373 3488; x_wconf 75' lang='grc' dir='ltr'><strong><em>αὐτῶν</em></strong></span> <span class='ocrx_word' id='word_1_281' title='bbox 1390 3436 1447 3485; x_wconf 75' lang='grc' dir='ltr'><strong><em>ἕκα-</em></strong></span> 
     </span>
     <span class='ocr_line' id='line_1_31' title="bbox 270 3521 1447 3594; baseline -0.007 -14"><span class='ocrx_word' id='word_1_282' title='bbox 270 3525 320 3580; x_wconf 69' lang='lat' dir='ltr'>aba</span> <span class='ocrx_word' id='word_1_283' title='bbox 337 3525 480 3580; x_wconf 75' lang='grc' dir='ltr'><strong><em>ταλάντοις</em></strong></span> <span class='ocrx_word' id='word_1_284' title='bbox 497 3524 620 3592; x_wconf 82' lang='grc' dir='ltr'><strong><em>νόμισμα</em></strong></span> <span class='ocrx_word' id='word_1_285' title='bbox 639 3523 748 3594; x_wconf 79' lang='grc' dir='ltr'><strong><em>ἐξέκοψε</em></strong></span> <span class='ocrx_word' id='word_1_286' title='bbox 765 3522 797 3576; x_wconf 85' lang='grc' dir='ltr'>τὸ</span> <span class='ocrx_word' id='word_1_287' title='bbox 815 3521 919 3588; x_wconf 70' lang='grc' dir='ltr'><strong><em>κληθὲν</em></strong></span> <span class='ocrx_word' id='word_1_288' title='bbox 936 3521 989 3575; x_wconf 77' lang='grc' dir='ltr'>ἀπ’</span> <span class='ocrx_word' id='word_1_289' title='bbox 1000 3524 1099 3588; x_wconf 81' lang='grc' dir='ltr'><strong><em>ἐκείνης</em></strong></span> <span class='ocrx_word' id='word_1_290' title='bbox 1115 3523 1312 3590; x_wconf 76' lang='grc' dir='ltr'><strong><em>Δημαρέτειον,</em></strong></span> <span class='ocrx_word' id='word_1_291' title='bbox 1331 3537 1400 3590; x_wconf 78' lang='lat' dir='ltr'>quae</span> <span class='ocrx_word' id='word_1_292' title='bbox 1417 3523 1447 3574; x_wconf 83' lang='lat' dir='ltr'>ut</span> 
     </span>
     <span class='ocr_line' id='line_1_32' title="bbox 272 3606 1447 3676; baseline -0.009 -7"><span class='ocrx_word' id='word_1_293' title='bbox 272 3614 384 3670; x_wconf 87' lang='lat' dir='ltr'>omnino</span> <span class='ocrx_word' id='word_1_294' title='bbox 402 3629 496 3667; x_wconf 86' lang='lat' dir='ltr'>rerum</span> <span class='ocrx_word' id='word_1_295' title='bbox 514 3611 702 3667; x_wconf 76' lang='lat' dir='ltr'>siciliensium</span> <span class='ocrx_word' id='word_1_296' title='bbox 715 3611 859 3665; x_wconf 85' lang='lat' dir='ltr'>Timaeum</span> <span class='ocrx_word' id='word_1_297' title='bbox 871 3609 996 3664; x_wconf 91' lang='lat' dir='ltr'>Diodoro</span> <span class='ocrx_word' id='word_1_298' title='bbox 1009 3609 1094 3663; x_wconf 87' lang='lat' dir='ltr'>fuisse</span> <span class='ocrx_word' id='word_1_299' title='bbox 1106 3612 1248 3662; x_wconf 82' lang='lat' dir='ltr'>auctorem</span> <span class='ocrx_word' id='word_1_300' title='bbox 1258 3606 1447 3676; x_wconf 84' lang='lat' dir='ltr'>Volquardsen</span> 
     </span>
     <span class='ocr_line' id='line_1_33' title="bbox 272 3692 1447 3770; baseline -0.007 -15"><span class='ocrx_word' id='word_1_301' title='bbox 272 3701 320 3770; x_wconf 88' lang='lat' dir='ltr'>(de</span> <span class='ocrx_word' id='word_1_302' title='bbox 337 3699 457 3754; x_wconf 87' lang='lat' dir='ltr'>Diodori</span> <span class='ocrx_word' id='word_1_303' title='bbox 475 3699 538 3755; x_wconf 91' lang='lat' dir='ltr'>libr.</span> <span class='ocrx_word' id='word_1_304' title='bbox 551 3697 706 3754; x_wconf 88' lang='lat' dir='ltr'>XI-XVI</span> <span class='ocrx_word' id='word_1_305' title='bbox 724 3697 794 3752; x_wconf 84' lang='lat' dir='ltr'>font.</span> <span class='ocrx_word' id='word_1_306' title='bbox 812 3695 880 3750; x_wconf 84' lang='lat' dir='ltr'>Kiel</span> <span class='ocrx_word' id='word_1_307' title='bbox 896 3699 975 3765; x_wconf 89' lang='grc'>1868)</span> <span class='ocrx_word' id='word_1_308' title='bbox 993 3699 1070 3750; x_wconf 86' lang='lat' dir='ltr'>reete</span> <span class='ocrx_word' id='word_1_309' title='bbox 1088 3695 1230 3760; x_wconf 85' lang='lat' dir='ltr'>iudicavit,</span> <span class='ocrx_word' id='word_1_310' title='bbox 1248 3695 1348 3748; x_wconf 85' lang='lat' dir='ltr'>collato</span> <span class='ocrx_word' id='word_1_311' title='bbox 1366 3692 1447 3748; x_wconf 88' lang='lat' dir='ltr'>sohel.</span> 
     </span>
     <span class='ocr_line' id='line_1_34' title="bbox 273 3779 1447 3853; baseline -0.009 -13"><span class='ocrx_word' id='word_1_312' title='bbox 273 3785 308 3840; x_wconf 89' lang='lat' dir='ltr'>ad</span> <span class='ocrx_word' id='word_1_313' title='bbox 326 3785 407 3839; x_wconf 89' lang='lat' dir='ltr'>Pind.</span> <span class='ocrx_word' id='word_1_314' title='bbox 434 3785 477 3841; x_wconf 91' lang='lat' dir='ltr'>Ol.</span> <span class='ocrx_word' id='word_1_315' title='bbox 502 3784 585 3840; x_wconf 73' lang='lat'><strong>1129</strong></span> <span class='ocrx_word' id='word_1_316' title='bbox 612 3804 645 3836; x_wconf 89' lang='lat'>:</span> <span class='ocrx_word' id='word_1_317' title='bbox 673 3785 776 3840; x_wconf 80' lang='lat' dir='ltr'>&#39;limae</span> <span class='ocrx_word' id='word_1_318' title='bbox 800 3783 854 3853; x_wconf 82' lang='lat' dir='ltr'>frg.</span> <span class='ocrx_word' id='word_1_319' title='bbox 872 3785 906 3838; x_wconf 88' lang='grc'>90</span> <span class='ocrx_word' id='word_1_320' title='bbox 933 3782 1060 3853; x_wconf 86' lang='lat' dir='ltr'>(Miillsr)</span> <span class='ocrx_word' id='word_1_321' title='bbox 1087 3781 1201 3836; x_wconf 79' lang='lat' dir='ltr'>Timaeo</span> <span class='ocrx_word' id='word_1_322' title='bbox 1228 3779 1370 3834; x_wconf 80' lang='lat' dir='ltr'>vindicare</span> <span class='ocrx_word' id='word_1_323' title='bbox 1394 3795 1447 3830; x_wconf 91' lang='lat' dir='ltr'>non</span> 
     </span>
     <span class='ocr_line' id='line_1_35' title="bbox 272 3872 379 3930; baseline -0.019 -2"><span class='ocrx_word' id='word_1_324' title='bbox 272 3872 379 3930; x_wconf 85' lang='lat' dir='ltr'>dubito.</span> 
     </span>
    </p>

    <p class='ocr_par' dir='ltr' id='par_1_14' title="bbox 273 3948 1450 4468">
     <span class='ocr_line' id='line_1_36' title="bbox 359 3948 1448 4025; baseline -0.007 -13"><span class='ocrx_word' id='word_1_325' title='bbox 359 3957 460 4012; x_wconf 84' lang='lat' dir='ltr'>Pollux</span> <span class='ocrx_word' id='word_1_326' title='bbox 483 3957 528 4012; x_wconf 87' lang='lat' dir='ltr'>IX</span> <span class='ocrx_word' id='word_1_327' title='bbox 546 3958 579 4011; x_wconf 80' lang='grc'>85</span> <span class='ocrx_word' id='word_1_328' title='bbox 601 3957 638 4007; x_wconf 86' lang='lat' dir='ltr'>‘H</span> <span class='ocrx_word' id='word_1_329' title='bbox 652 3956 801 4025; x_wconf 82' lang='grc' dir='ltr'><strong><em>Δημαρέτη</em></strong></span> <span class='ocrx_word' id='word_1_330' title='bbox 821 3959 943 4011; x_wconf 73' lang='grc' dir='ltr'><strong><em>Γέλωνος</em></strong></span> <span class='ocrx_word' id='word_1_331' title='bbox 968 3948 1035 4007; x_wconf 79' lang='grc' dir='ltr'><strong><em>νόσοι</em></strong></span> <span class='ocrx_word' id='word_1_332' title='bbox 1057 3950 1124 4025; x_wconf 77' lang='grc' dir='ltr'>γυνὴ</span> <span class='ocrx_word' id='word_1_333' title='bbox 1148 3950 1217 4006; x_wconf 78' lang='grc' dir='ltr'><strong><em>κατὰ</em></strong></span> <span class='ocrx_word' id='word_1_334' title='bbox 1239 3951 1289 4005; x_wconf 85' lang='grc' dir='ltr'>τὸν</span> <span class='ocrx_word' id='word_1_335' title='bbox 1306 3949 1373 4020; x_wconf 81' lang='grc' dir='ltr'><strong><em>πρὸς</em></strong></span> <span class='ocrx_word' id='word_1_336' title='bbox 1389 3949 1448 4004; x_wconf 74' lang='grc' dir='ltr'>τοὺς</span> 
     </span>
     <span class='ocr_line' id='line_1_37' title="bbox 273 4036 1449 4120; baseline -0.01 -23"><span class='ocrx_word' id='word_1_337' title='bbox 273 4048 374 4120; x_wconf 65' lang='grc' dir='ltr'><strong><em>Λίβυας</em></strong></span> <span class='ocrx_word' id='word_1_338' title='bbox 393 4041 515 4112; x_wconf 72' lang='grc' dir='ltr'><strong><em>πόλεμον</em></strong></span> <span class='ocrx_word' id='word_1_339' title='bbox 532 4041 703 4115; x_wconf 75' lang='grc' dir='ltr'><strong><em>ἀποροῦντος</em></strong></span> <span class='ocrx_word' id='word_1_340' title='bbox 721 4041 805 4096; x_wconf 79' lang='grc' dir='ltr'><strong><em>αὐτοῦ</em></strong></span> <span class='ocrx_word' id='word_1_341' title='bbox 823 4039 873 4096; x_wconf 82' lang='grc' dir='ltr'>τὸν</span> <span class='ocrx_word' id='word_1_342' title='bbox 891 4042 994 4110; x_wconf 82' lang='grc' dir='ltr'><strong><em>κόσμον</em></strong></span> <span class='ocrx_word' id='word_1_343' title='bbox 1012 4043 1178 4108; x_wconf 78' lang='grc' dir='ltr'><strong><em>αἰτησαμένη</em></strong></span> <span class='ocrx_word' id='word_1_344' title='bbox 1196 4036 1273 4106; x_wconf 71' lang='grc' dir='ltr'><strong><em>παρὰ</em></strong></span> <span class='ocrx_word' id='word_1_345' title='bbox 1290 4038 1347 4089; x_wconf 79' lang='grc' dir='ltr'>τῶν</span> <span class='ocrx_word' id='word_1_346' title='bbox 1363 4055 1449 4105; x_wconf 75' lang='grc' dir='ltr'><strong><em>γυναι-</em></strong></span> 
     </span>
     <span class='ocr_line' id='line_1_38' title="bbox 274 4122 1449 4199; baseline -0.01 -16"><span class='ocrx_word' id='word_1_347' title='bbox 274 4133 331 4184; x_wconf 82' lang='grc' dir='ltr'>κῶν</span> <span class='ocrx_word' id='word_1_348' title='bbox 354 4130 557 4199; x_wconf 79' lang='grc' dir='ltr'><strong><em>συγχωνεόουσα</em></strong></span> <span class='ocrx_word' id='word_1_349' title='bbox 580 4129 709 4197; x_wconf 76' lang='grc' dir='ltr'><strong><em>νόμισμα</em></strong></span> <span class='ocrx_word' id='word_1_350' title='bbox 726 4129 852 4192; x_wconf 80' lang='grc' dir='ltr'><strong><em>ἐκόψατο.</em></strong></span> <span class='ocrx_word' id='word_1_351' title='bbox 889 4127 1011 4198; x_wconf 79' lang='lat' dir='ltr'>Hesych.</span> <span class='ocrx_word' id='word_1_352' title='bbox 1030 4147 1050 4184; x_wconf 85' lang='lat' dir='ltr'>s.</span> <span class='ocrx_word' id='word_1_353' title='bbox 1068 4147 1093 4183; x_wconf 90' lang='lat' dir='ltr'>v.</span> <span class='ocrx_word' id='word_1_354' title='bbox 1113 4127 1315 4195; x_wconf 81' lang='grc' dir='ltr'><strong><em>Δημαρέτειον·</em></strong></span> <span class='ocrx_word' id='word_1_355' title='bbox 1334 4122 1449 4188; x_wconf 81' lang='grc' dir='ltr'><strong><em>νόμισμα</em></strong></span> 
     </span>
     <span class='ocr_line' id='line_1_39' title="bbox 275 4205 1450 4280; baseline -0.01 -12"><span class='ocrx_word' id='word_1_356' title='bbox 275 4218 304 4268; x_wconf 82' lang='grc' dir='ltr'>ιἰι</span> <span class='ocrx_word' id='word_1_357' title='bbox 323 4213 451 4276; x_wconf 74' lang='grc' dir='ltr'><strong><em>Σικελίας,</em></strong></span> <span class='ocrx_word' id='word_1_358' title='bbox 468 4213 522 4267; x_wconf 81' lang='grc' dir='ltr'>ὑπὸ</span> <span class='ocrx_word' id='word_1_359' title='bbox 546 4212 664 4270; x_wconf 72' lang='grc' dir='ltr'><strong><em>Γέλωνος</em></strong></span> <span class='ocrx_word' id='word_1_360' title='bbox 682 4217 766 4266; x_wconf 73' lang='grc' dir='ltr'><strong><em>κοπὲν</em></strong></span> <span class='ocrx_word' id='word_1_361' title='bbox 786 4211 926 4280; x_wconf 72' lang='grc' dir='ltr'><strong><em>ἐπιδούσης</em></strong></span> <span class='ocrx_word' id='word_1_362' title='bbox 943 4211 1018 4278; x_wconf 69' lang='grc' dir='ltr'>αὐτῷ</span> <span class='ocrx_word' id='word_1_363' title='bbox 1035 4213 1197 4280; x_wconf 80' lang='grc' dir='ltr'><strong><em>Δημαρέτης</em></strong></span> <span class='ocrx_word' id='word_1_364' title='bbox 1214 4210 1260 4276; x_wconf 80' lang='grc' dir='ltr'>τῆς</span> <span class='ocrx_word' id='word_1_365' title='bbox 1277 4205 1399 4277; x_wconf 80' lang='grc' dir='ltr'><strong><em>γυναικὸς</em></strong></span> <span class='ocrx_word' id='word_1_366' title='bbox 1416 4210 1450 4261; x_wconf 73' lang='grc' dir='ltr'>εἰς</span> 
     </span>
     <span class='ocr_line' id='line_1_40' title="bbox 275 4292 1449 4371; baseline -0.006 -17"><span class='ocrx_word' id='word_1_367' title='bbox 275 4299 344 4355; x_wconf 80' lang='grc' dir='ltr'>αὐτὸ</span> <span class='ocrx_word' id='word_1_368' title='bbox 361 4298 411 4354; x_wconf 81' lang='grc' dir='ltr'>τὸν</span> <span class='ocrx_word' id='word_1_369' title='bbox 429 4301 540 4368; x_wconf 82' lang='grc' dir='ltr'><strong><em>κόσμον.</em></strong></span> <span class='ocrx_word' id='word_1_370' title='bbox 575 4299 611 4357; x_wconf 82' lang='lat' dir='ltr'>ef.</span> <span class='ocrx_word' id='word_1_371' title='bbox 629 4300 727 4371; x_wconf 76' lang='lat' dir='ltr'>Bergk,</span> <span class='ocrx_word' id='word_1_372' title='bbox 751 4299 854 4356; x_wconf 85' lang='lat' dir='ltr'>Verbdl.</span> <span class='ocrx_word' id='word_1_373' title='bbox 873 4299 899 4355; x_wconf 91' lang='lat' dir='ltr'>d.</span> <span class='ocrx_word' id='word_1_374' title='bbox 910 4303 957 4354; x_wconf 82' lang='lat'>25.</span> <span class='ocrx_word' id='word_1_375' title='bbox 974 4298 1183 4367; x_wconf 75' lang='lat' dir='ltr'>Vereammluny</span> <span class='ocrx_word' id='word_1_376' title='bbox 1201 4294 1343 4351; x_wconf 78' lang='lat' dir='ltr'>deutscter</span> <span class='ocrx_word' id='word_1_377' title='bbox 1360 4292 1449 4348; x_wconf 82' lang='lat' dir='ltr'>Plite-</span> 
     </span>
     <span class='ocr_line' id='line_1_41' title="bbox 276 4387 694 4468; baseline -0.012 -24"><span class='ocrx_word' id='word_1_378' title='bbox 276 4389 361 4468; x_wconf 78' lang='grc' dir='ltr'><strong><em>ὶοριιι,</em></strong></span> <span class='ocrx_word' id='word_1_379' title='bbox 379 4387 464 4444; x_wconf 77' lang='lat' dir='ltr'>Helle</span> <span class='ocrx_word' id='word_1_380' title='bbox 482 4389 552 4460; x_wconf 76' lang='lat'>1867</span> <span class='ocrx_word' id='word_1_381' title='bbox 568 4405 595 4458; x_wconf 90' lang='lat' dir='ltr'>p.</span> <span class='ocrx_word' id='word_1_382' title='bbox 609 4388 642 4440; x_wconf 78' lang='lat'>25</span> <span class='ocrx_word' id='word_1_383' title='bbox 654 4404 694 4456; x_wconf 85' lang='lat' dir='ltr'>sq.</span> 
     </span>
    </p>
   </div>
   <div class='ocr_carea' id='block_1_13' title="bbox 0 0 1590 5124">
    <p class='ocr_par' dir='ltr' id='par_1_15' title="bbox 0 0 1590 5124">
     <span class='ocr_line' id='line_1_42' title="bbox 0 0 1590 5124; baseline 0 0"><span class='ocrx_word' id='word_1_384' title='bbox 0 0 1590 5124; x_wconf 95' lang='lat' dir='ltr'> </span> 
     </span>
    </p>
   </div>
  </div>
 </body>
</html>
