3128 5128
640 421 854 483 ..37-

151 591 337 676 opinionem
351 590 433 656 mira
447 589 505 656 6116
525 589 695 654 titulorum
714 588 940 672 ephebicorum
956 589 1140 656 condicione
1158 589 1340 656 6666616111

150 705 371 770 demonstrem
391 701 472 768 haec
495 699 642 766 sufficere
670 721 764 785 posse
785 721 895 784 spero:
925 701 976 768 Eo
997 705 1150 785 tempore,
1182 721 1246 784 quo
1273 723 1337 767 non

149 816 217 880 iam
245 835 355 880 omnes
384 811 620 896 adolescentes,
655 811 712 878 sed
745 812 926 897 principum
957 812 1186 897 hominumque
1220 813 1338 878 ditissi-

151 947 290 1010 morum,
321 929 353 991 et
375 923 626 990 Atheniensium
647 927 680 988 et
704 928 896 1006 exterorum,
926 923 985 990 filii
1007 923 1204 1008 epheborum
1234 923 1339 990 ordini

153 1036 430 1120 adscribebantur,
458 1057 522 1100 non
550 1035 620 1118 lege
651 1039 709 1100 aut
735 1035 873 1118 decreto,
903 1036 959 1101 sed
987 1035 1217 1102 consuetudine
1239 1041 1338 1119 atquo

151 1169 215 1214 usu
239 1153 319 1232 puto
340 1149 525 1214 institutum
546 1167 624 1228 esse,
653 1151 690 1212 ut
712 1152 858 1230 sumptus
880 1148 912 1212 in
936 1169 1088 1213 coronam
1110 1147 1241 1232 ephebis
1260 1147 1338 1212 dan·

153 1261 230 1326 dam
252 1259 295 1325 ab
314 1259 391 1344 ipsis
415 1259 545 1344 ephebis
567 1258 791 1342 tolerarentur,
815 1280 880 1342 qua
902 1259 942 1324 16
963 1280 998 1324 66
1016 1280 1073 1324 666
1088 1258 1154 1324 iam
1177 1264 1255 1342 erat,
1279 1280 1337 1323 our

152 1373 238 1437 iusto
254 1371 411 1454 solitoque
426 1391 562 1435 coronae
581 1370 721 1454 pondere
737 1391 774 1435 66
790 1371 893 1454 pretio
911 1393 944 1436 se
961 1371 1158 1436 continerent
1180 1369 1337 1454 siquidem

154 1483 303 1568 publicae
337 1483 493 1566 pecuniae
522 1505 586 1548 non
618 1482 835 1565 erogabantur
872 1483 962 1568 (nam
993 1482 1206 1566 parsimoniae
1238 1505 1337 1548 causa

153 1594 244 1660 illam
265 1593 370 1677 legem
396 1615 465 1658 6666
494 1593 595 1659 latam
617 1593 769 1680 vidimus)
800 1599 833 1658 et
851 1593 1023 1660 formulam
1051 1592 1131 1658 sord
1159 1595 1213 1660 τόν
1241 1593 1338 1677 νόμον

155 1707 301 1772 omittere
330 1705 565 1786 assuescebant,
597 1709 635 1770 ut
663 1726 723 1789 par
752 1710 838 1786 erat3
868 1706 974 1788 potuit
1000 1709 1109 1771 tamen
1136 1707 1273 1790 populus
1296 1707 1337 1771 de

154 1819 292 1903 pecunia
312 1816 441 1901 publica
463 1817 601 1882 alteram
630 1837 780 1882 coronam
800 1836 935 1898 eamque
956 1817 1032 1881 iusti
1050 1818 1147 1900 pretii
1171 1815 1263 1903 (nard
1282 1816 1337 1882 τόν

155 1928 264 2016 νόμον)
286 1928 467 1994 faciendam
488 1950 603 1994 666666
622 1929 817 2012 ephebisque
838 1927 999 2014 donare.¹)
1042 1926 1135 2013 Quae
1152 1930 1337 1994 coniectura

156 2063 194 2109 66
209 2063 245 2107 66
263 2039 479 2106 commendari
497 2041 656 2123 videatur,
679 2039 766 2123 quod
787 2043 927 2104 cosmeta
948 2039 1051 2121 primo
1072 2045 1148 2105 ante
1170 2039 1336 2106 Christum

157 2153 283 2218 saeculo
306 2152 348 2217 ab
368 2150 498 2235 ephebis
519 2155 689 2216 coronatus
710 2155 759 2216 661
781 2149 824 2238 (O
847 2149 1101 2237 11479-482),
1124 2173 1220 2235 quem
1241 2157 1337 2218 antea

156 2264 285 2349 publica
318 2264 462 2346 impensa
489 2263 571 2328 κατά
599 2262 656 2330 τόν
685 2261 783 2346 νόμον
811 2261 950 2347 populus
979 2283 1093 2328 ornare
1118 2268 1335 2346 consueverat,

157 2382 254 2460 atque
269 2375 368 2440 etiam
385 2373 516 2440 decreta
536 2375 694 2440 honorum
710 2375 744 2440 in
758 2374 922 2458 lapidibus
937 2373 1102 2439 exaranda
1118 2395 1183 2440 non
1197 2374 1335 2458 populus

29 2559 30 2576 2
156 2488 210 2554 661
229 2485 346 2571 ephebi
365 2486 486 2552 ultimis
507 2489 621 2571 utique
642 2488 840 2570 temporibus
861 2485 1095 2573 curaverunt.²)

239 2597 304 2666 Sed
325 2599 452 2682 longius
473 2619 572 2682 quam
589 2598 723 2664 decebat
745 2600 862 2683 egressi
883 2604 921 2665 ut
940 2598 983 2663 ad
1002 2598 1202 2682 propositum
1223 2597 1334 2663 redsa

29 2777 30 2802 ,
156 2735 235 2795 mus,
265 2709 437 2777 formulam
460 2709 538 2774 rard
559 2710 614 2775 τόν
635 2710 733 2794 νόμον
762 2712 796 2776 16
822 2712 867 2776 616
888 2716 1017 2776 tantum
1038 2709 1184 2793 decretis,
1216 2709 1334 2792 quibus

157 2845 272 2890 aureae
295 2843 432 2888 coronae
457 2822 586 2904 dantur,
615 2821 787 2902 inveniriss)
817 2843 890 2898 cum
917 2843 1025 2887 omnes
1054 2822 1112 2904 qui
1140 2820 1180 2907 (16
1209 2820 1271 2885 hac
1297 2841 1334 2884 66

29 2927 30 2932 ’
156 2935 251 3001 verba
266 2933 421 3017 fecerunt,
442 2940 513 2999 tum
527 2933 674 2999 Dittmar
693 2933 842 3017 neglexit.
884 2933 972 3016 Ergo
990 2932 1218 3016 oleaginarum,
1239 2930 1334 2996 hede-

29 3057 30 3060 ’
156 3065 333 3128 caecarum,
354 3051 554 3112 murtearum
573 3066 764 3111 coronarum
782 3046 918 3111 honores
933 3045 1148 3110 Athenienses
1169 3052 1335 3126 nunquam

155 3159 222 3242 lege
244 3158 459 3240 composuisse
481 3155 692 3240 putabimus?
717 3156 821 3223 Immo
843 3179 919 3224 vero
942 3154 1138 3222 verbannus?
1159 3154 1216 3221 cdv
1237 3154 1335 3238 νόμον

156 3275 324 3356 propterea
354 3269 395 3335 ab
426 3269 471 3334 eis
502 3269 640 3333 decretis
670 3268 804 3351 absunt,
836 3269 923 3352 quod
952 3268 995 3334 ad
1024 3289 1162 3334 coronae
1195 3269 1334 3351 pretium

156 3383 331 3465 pcrtinent3
360 3380 565 3446 frondearum
597 3382 680 3448 enim
713 3403 902 3447 coronarum
934 3381 1074 3464 pretium
1106 3400 1272 3462 nunquam
1300 3379 1333 3444 in

156 3493 255 3558 titulis
278 3513 347 3557 esse
369 3492 515 3557 additum
536 3493 602 3556 iam
625 3493 890 3576 supradiximus.

239 3603 357 3668 Restat
377 3609 415 3669 ut
429 3604 471 3669 16
494 3603 588 3669 111616
606 3603 747 3670 MdAJ
765 3603 818 3674 IV
832 3627 863 3688 p.
882 3607 942 3668 196
963 3603 1063 3668 rerba
1084 3601 1211 3685 faciam,
1236 3621 1333 3685 quem

29 3723 31 3738 ¹
159 3737 232 3781 suae
250 3715 393 3799 opinioni
412 3716 573 3800 pracsidio
592 3737 660 3782 esso
675 3716 838 3800 perhibuit
858 3715 1004 3780 Dittmar
1024 3738 1056 3800 p.
1078 3718 1139 3780 143
1163 3735 1210 3796 sq.
1231 3714 1333 3797 Equi-

159 3826 227 3892 dem
245 3827 361 3894 verba:
389 3827 441 3891 καὶ
472 3821 552 3894 εἶναι
573 3823 683 3904 αὐτοῖς
713 3825 771 3904 τοὶς
798 3825 895 3904 αὐτάς
921 3827 1015 3910 τιμάς
1037 3821 1172 3912 ὅσαιπερ
1192 3826 1244 3890 καὶ
1265 3837 1333 3905 τοῖς

241 4059 262 4126 ¹)
280 4057 304 4115 0
320 4055 354 4114 Π
371 4059 423 4113 469
440 4061 470 4113 et
485 4061 545 4114 470.

240 4145 264 4214 ¹)
283 4145 319 4200 61.
338 4145 360 4201 C
379 4144 411 4200 H
428 4147 488 4200 481.
506 4147 566 4202 4811.
601 4143 704 4199 Η66161
720 4161 747 4213 p.
765 4145 808 4199 35.

241 4229 264 4300 ⁸)
274 4229 360 4286 risul.
373 4229 478 4286 lidAd
496 4229 542 4285 IX
556 4249 584 4300 p.
595 4231 682 4285 289v.
695 4231 730 4284 28
741 4245 825 4298 supra
836 4227 948 4282 restitui
959 4229 998 4299 (p.
1011 4230 1069 4299 16);
1082 4229 1244 4284 Athenaion
1253 4224 1333 4286 VIII

29 4319 31 4346 '
157 4332 182 4384 p.
198 4317 248 4372 231
266 4313 375 4370 θαλλοῦ
398 4315 534 4388 στεφάνωι
550 4315 629 4389 dard
646 4314 681 4369 τὰ
697 4313 812 4388 πάτρια]
830 4318 880 4370 aut
896 4317 951 4386 κ[αὶ
967 4311 1122 4386 λημνίσκωι]
1142 4314 1327 4386 supplendum

29 4443 31 4450 ·
158 4415 213 4462 “⁸0
229 4417 336 4458 camec
